3736 6054
426 779 466 842 62
516 837 517 842 ,
791 795 972 843 aroucam
987 796 1057 844 rao
1080 793 1266 841 erassum.
1477 775 1569 862 [cnr.
1587 793 1621 839 v.

423 974 495 1016 cum
523 951 745 1017 mercatoribus
760 949 918 1016 Britannis
944 951 984 1016 ad
1006 949 1094 1016 littus
1111 950 1223 1016 Galliae
1246 947 1404 1028 devenire,
1426 947 1511 1014 viros
1533 962 1566 1014 et
1586 947 1621 1014 in

423 1037 623 1116 secularibus,
635 1050 668 1103 et
677 1037 712 1102 in
721 1036 813 1102 sacris
826 1036 885 1103 scri
909 1037 995 1116 turis,
1010 1035 1294 1125 incomparabiliter
1307 1036 1461 1114 eruditos;
1477 1034 1532 1122 qui
1547 1036 1621 1102 cum

423 1123 505 1189 nihil
519 1125 718 1190 ostenderent
731 1122 851 1198 venale,
867 1062 908 1189 ad
922 1123 1143 1190 convenientes
1158 1123 1283 1188 emendi
1305 1122 1406 1224 gratia
1421 1123 1536 1201 turbas,
1559 1122 1620 1188 cla-

423 1235 508 1277 mare
523 1211 674 1290 solebant,
697 1220 717 1252 ‘⁶
730 1209 757 1276 si
771 1210 841 1297 quis
855 1211 1015 1299 sapientise
1029 1210 1162 1299 cupidus
1176 1223 1233 1288 est,
1247 1223 1355 1276 veniat
1368 1210 1409 1276 ad
1423 1233 1479 1276 nos
1493 1221 1526 1274 et
1540 1209 1620 1274 asci-

423 1297 491 1385 piat
499 1321 579 1378 eam,
591 1321 664 1364 nam
676 1297 795 1365 venalis
806 1311 852 1364 est
863 1298 946 1386 apud
956 1299 1038 1364 nos.”
1081 1297 1186 1379 Quam
1196 1309 1303 1362 tamen
1308 1296 1451 1363 venalem
1461 1319 1494 1362 se
1505 1295 1621 1361 habero

422 1384 552 1472 professi
566 1397 648 1464 sunt,
696 1383 750 1450 uia
767 1384 922 1486 populum
943 1409 1007 1450 non
1022 1383 1158 1472 gratuita
1171 1383 1227 1450 sed
1246 1383 1372 1450 venalia
1388 1381 1519 1450 mercari
1533 1382 1621 1448 vide·

422 1483 506 1551 runt,
528 1485 565 1537 ut
578 1472 622 1538 sic
636 1409 696 1538 vel
710 1471 880 1559 sapientire,
902 1471 984 1538 sicut
997 1471 1116 1536 ceteris
1128 1471 1220 1537 rebus
1233 1469 1423 1549 coemendis,
1445 1493 1498 1535 eoa
1510 1469 1621 1536 incita-

423 1570 508 1638 rent3
524 1559 576 1624 vel
591 1557 672 1625 sicia
685 1557 847 1644 sequentia
860 1560 1175 1646 comprobaruntper
1188 1558 1250 1624 tale
1288 1557 1457 1624 raeconium
1471 1556 1505 1622 in
1519 1555 1618 1622 admi·

422 1645 575 1712 rationem
587 1659 746 1711 verterent
759 1659 791 1712 et
804 1658 972 1734 stuporem.
1015 1644 1164 1730 Denique
1186 1656 1250 1710 tam
1285 1669 1307 1710 u
1328 1644 1462 1710 clamata
1474 1655 1547 1708 sunt
1560 1641 1621 1708 ista

422 1729 523 1798 donec
538 1733 577 1798 ab
592 1731 818 1798 admirantibus
832 1732 884 1797 vel
904 1734 1028 1798 insanos
1042 1730 1113 1797 illos
1129 1731 1325 1833 putantibus,
1348 1731 1388 1796 ad
1410 1753 1498 1797 aures
1514 1729 1620 1796 Caroli

421 1819 514 1971 regis,
526 1843 649 1908 semper
663 1819 808 1886 amatoris
823 1830 855 1884 et
869 1817 1062 1907 cupidissimi
1073 1819 1243 1906 sapientia,
1254 1818 1374 1906 perlata
1381 1817 1499 1883 humet.
1542 1815 1618 1897 Qui,

422 1929 458 1970 su
496 1906 581 1972 omni
596 1905 754 1972 celeritate
769 1931 820 1972 eos
835 1906 875 1972 ad
890 1929 976 1972 suam
985 1905 1180 1994 presentiam
1193 1918 1347 1984 evocatos,
1362 1903 1578 1992 interrogavit,
1593 1902 1620 1968 si

422 1993 507 2072 verb,
530 2005 567 2060 ut
581 1993 648 2082 ipse
662 1993 746 2059 fama
765 1994 926 2080 comperit,
949 1993 1133 2081 sapientiam
1153 2015 1260 2058 secmn
1274 1991 1435 2069 haberent,
1461 1990 1516 2076 qui
1531 1989 1620 2056 dixe·

422 2092 506 2158 runt,
522 2093 555 2145 et
568 2079 719 2146 habemus
733 2103 813 2158 eam,
828 2093 861 2146 et
874 2079 908 2145 in
921 2079 1048 2146 nomine
1064 2078 1196 2144 Domini
1211 2079 1307 2168 digne
1321 2077 1531 2165 querentibus
1545 2077 1620 2142 dare

420 2167 521 2254 parati
535 2189 651 2232 sumus.
705 2165 770 2248 Qui
784 2191 856 2233 cum
870 2166 906 2232 in
927 2165 1061 2232 uisiisset
1075 2165 1114 2233 ab
1128 2165 1200 2246 illis,
1224 2165 1301 2252 quid
1322 2190 1379 2254 pro
1393 2169 1449 2232 sut
1465 2162 1618 2253 sapientiis

423 2252 589 2340 peterent?
620 2253 856 2341 responderunt,
880 2191 979 2319 “loca
1005 2265 1127 2320 tantum
1143 2267 1329 2342 opportuna,
1351 2265 1384 2318 et
1398 2251 1517 2318 animas
1531 2251 1618 2339 inge·

422 2341 532 2421 uiosas,
555 2352 588 2406 et
602 2339 669 2406 sine
685 2339 799 2426 quibus
813 2341 872 2405 ista
885 2339 951 2406 vita
973 2339 1102 2428 transigi
1117 2363 1182 2406 non
1202 2353 1314 2428 potest,
1336 2339 1485 2406 alimenta
1499 2351 1532 2404 et
1552 2338 1619 2424 qui-

421 2428 480 2492 bus
495 2427 666 2516 tegamur,”
680 2425 794 2513 quibus
808 2425 862 2492 ille
877 2427 1041 2515 perceptis,
1052 2427 1174 2515 ingenti
1189 2426 1307 2514 gaudio
1322 2427 1618 2514 repletus,p1imhm

422 2514 550 2599 quidem
566 2514 651 2615 apud
672 2537 705 2579 se
727 2527 895 2600 utrumque
910 2537 1006 2601 parvo
1021 2527 1083 2580 tem
1108 2537 1160 2580 ore
1174 2513 1285 2580 tenuit.
1330 2514 1442 2579 Postea
1455 2515 1531 2578 verb
1546 2513 1618 2580 cum

423 2601 463 2666 ad
478 2601 697 2690 expeditiones
712 2600 838 2668 bellicas
852 2624 891 2665 ur
913 2613 1026 2678 eretur,
1041 2539 1203 2689 (adversus
1218 2600 1374 2688 Saxones)
1386 2623 1486 2666 unum
1500 2623 1619 2676 eorum,

422 2688 549 2754 nomine
566 2687 775 2766 Clementem,
791 2687 826 2752 in
839 2688 891 2754 Ga
916 2688 946 2753 'a
960 2687 1093 2754 residere
1108 2688 1192 2754 fecit.
1236 2687 1300 2754 Cui
1314 2699 1347 2753 et
1367 2710 1481 2775 pueros
1494 2685 1620 2752 nobilis-

422 2773 525 2854 simos,
550 2774 734 2854 mediocres,
760 2774 883 2840 infimos
905 2775 977 2840 satis
997 2775 1113 2840 multos
1133 2772 1376 2852 commendavit,
1406 2787 1439 2840 et
1459 2773 1505 2840 eis
1525 2787 1619 2862 prout

422 2861 629 2928 necessarium
644 2862 828 2941 habuerant,
843 2859 992 2928 victualia
1005 2861 1178 2928 nunistrare
1192 2862 1350 2962 praecepit,
1365 2859 1551 2929 habitaculis
1567 2885 1620 2948 op·

422 2948 566 3037 portunis
580 2949 620 3014 ad
641 2949 849 3015 habitandum
871 2949 1027 3101 deputatis
1050 2948 1099 3037 (in
1119 2950 1196 3014 urbe
1211 2948 1425 3035 Pa1isrorum.)
1470 2947 1619 3016 Alterum

422 3036 497 3101 verb
521 3035 648 3102 nomine
671 3033 838 3114 Albinum,
860 3035 893 3100 in
936 3036 1041 3102 taliam
1063 3035 1193 3113 direxit,
1215 3033 1267 3101 cui
1289 3049 1322 3102 et
1342 3035 1568 3101 monasterium
1585 3033 1617 3100 S.

424 3121 600 3210 Augustini
610 3123 707 3210 juxta
721 3122 930 3190 Ticeneusem
944 3123 1104 3189 civitatem
1119 3122 1288 3210 delegavit.
1332 3123 1380 3189 Ut
1400 3121 1476 3188 illuc
1491 3122 1619 3188 adeum

423 3209 477 3294 qui
493 3208 672 3288 voluissent,
689 3208 729 3274 ad
744 3209 924 3275 discendum
941 3208 1124 3298 congregari
1137 3209 1336 3297 potuissent.'’
1378 3207 1503 3275 Audito
1513 3223 1618 3276 autem

423 3293 562 3360 Albinus
578 3294 617 3360 do
632 3307 725 3382 gente
740 3295 920 3382 Anglorum
935 3297 1030 3382 quam
1044 3309 1203 3384 gratanter
1220 3294 1376 3385 sapientes
1390 3297 1474 3362 viros
1494 3295 1619 3384 religio·

423 3381 560 3447 sissimus
574 3405 685 3469 regum
701 3381 832 3448 Carolus
846 3381 1025 3482 susciperet,
1040 3388 1206 3450 conscensa
1216 3384 1291 3450 navi
1303 3383 1390 3449 venit
1403 3382 1444 3448 ad
1458 3405 1548 3462 eum;
1562 3382 1619 3469 qui

423 3483 488 3536 erat
513 3465 548 3533 in
573 3467 659 3534 omni
682 3468 850 3534 latitudine
874 3481 1095 3558 seripturarum
1120 3491 1155 3536 su
1179 3493 1213 3536 ra
1241 3483 1370 3536 coeteros
1398 3467 1618 3536 modernorum

423 3567 601 3643 temporum
611 3554 810 3636 exercitatus,
821 3568 953 3656 utputa,
963 3555 1133 3645 discipulus
1164 3557 1313 3624 octissimi
1325 3557 1431 3636 Bedae,
1443 3571 1502 3623 etc.
1525 3557 1619 3624 Hanc

423 3643 566 3708 eamdem
580 3641 742 3708 historiam
756 3644 796 3708 de
811 3643 903 3708 initio
916 3643 1107 3710 fundationis
1121 3644 1287 3710 academiae
1298 3643 1481 3712 Parisiensis
1495 3644 1529 3709 in
1544 3644 1618 3710 Gal·

423 3728 467 3794 lia
481 3741 514 3794 ct
528 3729 690 3818 Papiensis
704 3729 770 3796 sive
786 3728 973 3810 Tici'nensis,
987 3730 1022 3794 in
1036 3731 1139 3810 Iulia
1161 3730 1243 3798 lacto
1257 3755 1314 3820 per
1328 3732 1406 3797 duos
1428 3730 1620 3798 doctissimos

423 3815 553 3882 Ibernos
576 3816 641 3883 sive
669 3817 779 3883 Scotos
803 3829 924 3884 veteres
947 3817 1008 3884 hoc
1031 3818 1136 3885 sociale
1159 3820 1292 3920 septimo
1316 3844 1335 3884 a
1363 3829 1437 3885 nato
1467 3819 1502 3884 in
1530 3817 1619 3884 terris

423 3901 559 3983 Christo,
582 3913 601 3944 ‘⁴
615 3927 658 3971 ex
672 3901 807 3970 archivis
821 3903 959 3971 ccclesiae
973 3905 1180 3973 Arelatensis”
1201 3905 1331 3972 inseruit
1355 3905 1389 3971 in
1415 3929 1503 3972 suam
1525 3906 1619 3972 histo·

421 3988 500 4056 riam
518 3989 551 4058 S.
566 3988 757 4057 Antoninus

464 4076 578 4165 Neque
593 4077 663 4157 alia,
678 4077 738 4143 nisi
752 4077 842 4144 fallor
856 4077 1033 4145 testimonia
1046 4101 1089 4146 cx
1103 4078 1246 4166 pluribus
1268 4104 1337 4164 quae
1360 4079 1472 4162 habeo,
1495 4093 1619 4170 oportet

424 4161 534 4229 afferro
549 4163 696 4231 adversus
709 4185 816 4232 meum
833 4165 1004 4232 Cambrum
1019 4167 1165 4242 aientem,
1177 4166 1273 4231 etiam
1287 4167 1347 4232 hcc
1357 4167 1460 4233 seculo
1476 4172 1619 4233 extrema

421 4249 557 4316 ruditate
571 4251 745 4318 litterarum
761 4265 793 4318 et
806 4275 910 4318 rorum
925 4251 1086 4341 religionis
1100 4265 1133 4319 et
1146 4251 1221 4319 fidei
1243 4253 1406 4320 catholicae
1427 4253 1617 4321 rudimento·

421 4358 491 4402 rum
505 4337 657 4404 laborame
672 4339 857 4406 Ibemorum
873 4353 1010 4440 gentem,
1034 4341 1096 4427 qud
1110 4353 1216 4406 tamen
1230 4340 1341 4406 eodem
1363 4341 1466 4408 secrrlo
1480 4365 1543 4406 non
1557 4341 1619 4406 fuit

421 4421 573 4490 eruditior
584 4424 620 4490 in
634 4425 774 4513 Europa,
783 4439 820 4490 ut
833 4427 996 4492 evidenter
1009 4428 1170 4494 ostendere
1182 4451 1314 4515 possem,
1325 4449 1439 4514 nsque,
1451 4439 1486 4492 ut
1496 4451 1615 4506 vereor,

420 4511 521 4600 magis
535 4510 589 4598 pia
602 4512 699 4592 natio,
713 4525 750 4578 ut
760 4512 877 4612 partim
892 4527 1030 4580 constare
1044 4526 1157 4602 potest,
1180 4537 1223 4580 ex
1237 4515 1395 4580 nonnullis
1415 4513 1499 4579 inter
1518 4513 1617 4602 pluri-

421 4620 488 4664 mos
512 4597 698 4666 Ibemorum
722 4597 807 4664 illius
831 4600 901 4678 aevi,
927 4601 983 4686 qui
1004 4601 1222 4667 excelluerunt
1242 4603 1405 4668 sanctitate
1426 4612 1459 4666 et
1479 4600 1618 4666 scientiis

422 4699 490 4751 tum
505 4697 597 4752 extra
609 4687 704 4773 quam
717 4685 800 4752 intra
810 4685 952 4774 patriam.
996 4687 1028 4753 N
1029 4712 1079 4753 am
1089 4687 1149 4754 hoc
1158 4688 1226 4775 ipso
1237 4689 1343 4756 seculo
1351 4689 1384 4754 in
1394 4687 1519 4754 Ibornia
1533 4689 1616 4755 circa

420 4795 538 4838 annum
562 4773 671 4840 salutis
692 4774 765 4851 ⁷10,
795 4785 935 4840 mortuus
958 4787 1004 4840 est
1027 4775 1059 4840 S.
1075 4775 1281 4843 Adamnanus
1295 4775 1537 4854 Columbienais,
1561 4776 1616 4862 qui

421 4870 550 4944 quartus
563 4859 624 4929 fuit
638 4883 792 4929 successor
807 4859 891 4928 illius
906 4861 1099 4930 celeberrimi
1116 4863 1148 4929 S.
1166 4861 1338 4945 Columbae,
1363 4863 1482 4930 abbatis
1498 4863 1615 4944 lbcmi,
