3736 6054
251 765 330 812 car.
348 754 399 830 u]
586 767 770 814 arctoam
786 767 855 815 rao
872 767 1058 815 sinamus.
1405 758 1445 820 51

250 921 401 995 monesin
415 922 525 987 eddom
540 919 650 1001 insuli,
667 922 748 990 absit
761 935 798 987 ut
811 924 887 988 mali
901 923 1073 1009 quidquam
1089 925 1162 990 verb
1177 924 1290 1002 dicam,
1314 925 1387 992 olim
1409 926 1450 992 sit

250 1008 352 1073 omnis
367 1008 487 1096 optima
500 1008 661 1097 posteritas
675 1033 739 1074 non
754 1011 954 1096 optimorum,
976 1010 1030 1076 sed
1045 1013 1253 1099 praedatorum
1266 1025 1448 1100 parentum

249 1094 351 1180 qualis
364 1097 527 1182 posteritas
542 1096 636 1161 hodie
651 1110 700 1162 est
713 1096 928 1184 Hispanorum
949 1098 1061 1186 gentis,
1084 1122 1154 1183 quae
1175 1111 1318 1186 parentes
1332 1099 1449 1187 primos

250 1181 313 1245 His
336 1182 413 1246 aniae
428 1183 584 1248 invasores
599 1196 770 1268 agnoscunt
784 1183 899 1272 impios
914 1197 946 1249 et
960 1184 1101 1251 crudeles
1115 1198 1294 1262 vastatores,
1316 1185 1447 1264 scilicet,

253 1206 386 1346 Gotlros,
401 1268 572 1346 Vandalos,
587 1269 718 1348 Alanos,
734 1282 766 1336 et
783 1269 919 1349 Suevos;
941 1283 978 1336 ut
999 1283 1032 1336 et
1053 1271 1206 1338 bodiema
1226 1295 1303 1360 gens
1324 1271 1448 1338 Gallica

249 1354 513 1436 christianissima,
525 1355 690 1422 ferissimos
700 1369 733 1423 et
747 1357 942 1436 soevissimos,
952 1358 1007 1444 qui
1022 1363 1183 1424 vastarunt
1197 1371 1230 1426 et
1245 1363 1446 1447 occupdrunt,

250 1441 399 1520 Galliam,
415 1443 562 1509 Francos.

295 1527 361 1593 Sed
376 1529 496 1594 adrem
512 1543 544 1596 et
559 1529 599 1594 ad
614 1529 789 1616 Gyraldum
803 1543 951 1597 revertor.
997 1531 1097 1618 Cujus
1120 1530 1210 1597 annis
1231 1545 1264 1597 et
1285 1532 1390 1598 seculo
1410 1546 1447 1600 ut

250 1615 405 1695 dicebam,
421 1629 488 1682 erat
503 1617 540 1681 B.
556 1617 744 1695 Bernardus,
760 1617 865 1703 quiin
879 1618 945 1683 vitia
961 1618 1126 1684 Malachiae
1142 1619 1205 1685 duo
1220 1631 1359 1697 testatur,
1374 1643 1444 1707 quae

249 1702 365 1768 vellem
390 1704 585 1792 expenderet
611 1703 820 1783 adversarius3
851 1728 924 1769 nam
953 1705 1083 1790 loquens
1112 1705 1152 1770 de
1180 1705 1370 1791 quibusdam
1400 1730 1444 1773 ex

249 1788 383 1854 Iberniae
415 1790 540 1879 populis
575 1791 816 1876 aquilonaribus,
848 1793 1018 1879 praesertim
1051 1791 1192 1858 dioecesis
1223 1791 1443 1860 Ooneretensis

248 1888 282 1940 et
314 1875 481 1955 Dunensis,
522 1877 612 1964 cujus
639 1877 806 1966 specialem
834 1878 868 1942 in
898 1903 930 1944 se
959 1903 1065 1944 curam
1095 1879 1279 1967 pastoralem
1309 1879 1445 1968 suscepit

249 1961 430 2042 Malachias,
442 1963 540 2030 factm
550 1965 687 2053 primum
696 1964 833 2053 ipsorum
844 1965 1015 2054 episcopus,
1030 1970 1118 2049 (nam
1125 1979 1199 2067 post
1210 1977 1331 2032 oreatus
1344 1968 1446 2032 linerat

248 2049 364 2135 primas
387 2050 519 2116 lbemiae
542 2064 574 2116 et
595 2051 844 2140 archiepiscopus
866 2051 1099 2134 Armachanus)
1123 2067 1168 2118 ita
1189 2053 1312 2118 scribit:
1337 2062 1355 2092 ‘⁴
1369 2053 1443 2124 Ces

247 2135 329 2200 savit
342 2136 482 2217 durities,
498 2137 620 2224 quievit
633 2138 798 2218 barbaries,
810 2152 843 2205 et
858 2139 968 2204 domus
983 2163 1170 2228 exasperans
1185 2138 1335 2228 paulatim
1351 2139 1444 2205 leniri

247 2221 354 2310 coepit,
392 2224 543 2313 paulatim
574 2225 802 2314 correptionem
838 2227 1011 2304 admittere,
1055 2226 1194 2315 recipere
1231 2226 1440 2315 disciplinam,

247 2309 330 2374 liunt
353 2309 392 2376 de
407 2312 511 2378 medio
525 2312 663 2376 barbara
684 2313 780 2400 leges,
803 2313 953 2378 Romanae
974 2313 1237 2391 introducuntur:
1245 2312 1441 2400 recipiuntur

247 2395 366 2482 ubique
394 2398 608 2464 ecclesiasticas
638 2399 886 2478 consuetudines,
909 2399 1070 2466 contrariae
1095 2401 1289 2487 rejiciuntur,
1313 2400 1443 2466 reaedifi-

247 2499 357 2548 cantur
372 2485 517 2563 basilicae,
532 2485 693 2551 ordinatur
707 2487 807 2552 clarus
822 2487 856 2551 in
867 2487 938 2564 illis,
950 2499 1212 2553 sacramentorum
1220 2487 1280 2553 rite
1291 2486 1443 2553 solemnis

247 2570 452 2649 celebrantur,
467 2572 673 2638 consessiones
686 2573 777 2652 fiunt,
793 2573 833 2640 ad
848 2574 1009 2640 ecclesiam
1023 2575 1216 2640 conveniunt
1231 2575 1347 2661 plebes,
1370 2596 1443 2639 con·

246 2657 410 2724 cubinatus
435 2659 579 2725 honestat
604 2659 765 2726 celebritas
791 2660 987 2748 nuptiarum3
1017 2662 1183 2748 postremi),
1207 2660 1251 2725 sio
1273 2661 1307 2724 in
1328 2659 1442 2726 melius

249 2756 370 2810 mutata
392 2746 507 2825 omnia,
529 2759 566 2812 ut
587 2745 712 2826 hodia*
735 2747 783 2812 illi
805 2747 893 2836 gesti
915 2746 1082 2812 conveniat
1104 2747 1189 2834 quod
1204 2745 1360 2811 Dominus
1383 2768 1443 2833 per

268 2831 431 2919 rophetam
445 2832 504 2898 ait:
527 2842 547 2872 “
558 2831 622 2899 Oui
637 2834 708 2898 ante
723 2858 787 2899 non
801 2834 937 2934 populus
952 2857 1049 2912 meus,
1065 2857 1149 2899 nunc
1171 2832 1306 2920 populus
1327 2835 1442 2898 meus.”

282 2942 327 2984 seo
342 2932 374 2984 et
388 2919 437 2984 his
451 2920 541 3008 plura
555 2919 870 3006 Bernardus,qu1bus
890 2920 945 3006 qui
967 2943 1030 2984 non
1052 2919 1161 2998 credit,
1183 2917 1361 2984 incredulus
1382 2932 1440 2998 est,

246 3017 278 3069 et
293 3006 385 3072 corde
407 3006 515 3085 durus,
537 3005 632 3073 fidem
653 3019 741 3072 tanto
762 3006 835 3073 testi
857 3006 1052 3094 denegando.
1097 3006 1199 3071 Vides
1220 3005 1377 3094 Gyralde;
1400 3019 1436 3070 ut

246 3092 299 3158 vel
312 3093 426 3158 saeculo
440 3101 494 3159 tuo‘
508 3117 572 3159 non
593 3093 712 3159 firerirm
736 3093 843 3160 Ibami
869 3094 946 3160 adeb
968 3093 1061 3158 rudes
1081 3093 1117 3158 in
1137 3092 1323 3158 rudimentis
1345 3092 1441 3158 eluis-

246 3179 339 3244 tiauae
353 3179 438 3258 fidei,
455 3192 486 3246 et
499 3179 534 3245 in
548 3181 686 3246 moribus
701 3181 779 3246 adeb
794 3179 964 3246 immundis
985 3191 1078 3266 atque
1099 3192 1135 3246 tu
1157 3173 1363 3268 depraedicas3
1386 3180 1440 3245 sed

198 3307 210 3330 .
245 3264 338 3331 luisse
352 3268 505 3366 populum
519 3291 539 3332 a
553 3267 624 3332 Deo
638 3267 774 3334 electum
794 3280 825 3334 et
846 3267 1008 3346 dilectum,
1030 3267 1111 3333 bend
1133 3279 1298 3344 moratum,
1321 3265 1439 3353 legum,

244 3365 339 3438 atque
375 3367 492 3420 rituum
527 3354 803 3422 ecclesiasticarum
846 3355 996 3420 Romanae
1039 3353 1177 3420 ecclesiae
1212 3355 1437 3420 observantem.

248 3439 327 3520 Qua
351 3439 385 3507 S.
400 3440 553 3507 Bernardi
576 3443 673 3508 verba
694 3442 876 3530 expendens
895 3441 1049 3508 Batonius
1075 3441 1114 3506 ad
1140 3455 1257 3506 annum
1283 3442 1368 3506 1124
1394 3441 1440 3505 ita

244 3526 304 3592 ait:
327 3535 347 3566 “
359 3529 493 3628 populus
508 3528 563 3614 qui
578 3529 705 3594 sedebat
717 3528 751 3594 in
771 3529 915 3607 tenebris,
937 3528 1019 3594 vidit
1040 3528 1144 3594 lucem
1165 3551 1327 3615 magnam
1350 3527 1438 3591 habi·

243 3614 383 3680 ta'ntibus
396 3639 431 3680 1n
446 3616 572 3702 regione
587 3616 705 3682 umbrae
719 3617 838 3694 mortis,
860 3617 919 3682 lux
931 3627 999 3700 orta
1012 3628 1059 3680 est
1074 3613 1127 3680 eis.
1173 3615 1303 3679 Etenim
1324 3612 1437 3678 floren-

244 3701 363 3766 tissima
377 3703 452 3768 olim
467 3703 652 3786 Ibernorum
667 3703 797 3769 ecclesia
811 3702 911 3768 multo
927 3713 1066 3790 ternpore
1083 3705 1163 3785 (non
1178 3701 1258 3765 ultra
1272 3701 1438 3788 sexaginta

243 3803 299 3854 aut
312 3789 510 3877 septuaginta
531 3813 637 3868 annos,
658 3789 754 3876 idque
776 3789 811 3855 in
832 3793 895 3854 und
917 3812 959 3854 ex
981 3787 1089 3853 multis
1111 3787 1244 3854 Ibemiae
1265 3786 1436 3886 provinciis

243 3874 390 3960 Ultonii)
406 3876 555 3966 legitimis
570 3877 718 3942 destituta
731 3876 915 3965 pastoribus,
931 3876 1058 3941 tandem
1072 3898 1130 3962 per
1145 3873 1346 3952 Malachram,
1358 3897 1436 3961 prae-

242 3963 464 4028 stsntissimum
478 3964 713 4044 monachorum,
730 3989 772 4030 ex
787 3963 891 4028 densis
904 3961 1040 4028 tenebris
1056 3959 1159 4026 emisit
1173 3961 1207 4024 in
1228 3961 1342 4040 lucam,
1365 3984 1435 4046 quae

241 4049 343 4116 crevit
355 4075 455 4136 usquc
470 4051 511 4116 ad
525 4051 699 4140 perlectum
714 4051 824 4118 diemss‘
868 4049 947 4115 Haeo
962 4049 988 4114 si
1002 4052 1137 4114 notissot
1152 4047 1321 4135 Gyraldus,
1344 4059 1381 4112 ut
1403 4061 1435 4113 et

241 4136 329 4210 alind
342 4161 413 4204 meo
429 4161 530 4218 sensu,
545 4138 684 4204 maxims
698 4138 824 4216 mirum,
842 4136 927 4223 quod
948 4135 1054 4200 innuit
1075 4134 1263 4214 Bernardus,
1285 4133 1434 4199 nimirum

240 4223 309 4312 ipso
330 4225 386 4290 illo
407 4238 547 4325 tempore
569 4249 631 4312 quo
653 4224 686 4290 vi
732 4225 757 4290 't
777 4224 833 4290 illa
853 4223 978 4312 pietatis
1001 4248 1018 4289 a
1053 4244 1094 4288 ue
1110 4221 1325 4287 ecclesiasticae
1341 4221 1433 4287 disci-

239 4310 335 4398 plinae
349 4325 509 4378 enervatio
523 4313 557 4377 in
571 4249 759 4398 qmbusdiin
774 4310 907 4379 Ibemiae
921 4310 1072 4398 partibus,
1094 4331 1159 4374 non
1180 4309 1315 4374 defuisse
1329 4307 1363 4373 in
1378 4307 1434 4374 illa

238 4398 378 4463 studium
400 4400 552 4466 bonarum
572 4399 762 4476 litterarum
785 4410 821 4462 ut
843 4397 986 4483 quamvis
1007 4394 1147 4485 pessimis
1168 4407 1270 4462 essent
1291 4396 1433 4461 hominos

146 4489 149 4496 ’
239 4485 389 4566 moribus,
404 4486 530 4574 optimis
544 4485 748 4552 nihilominus
762 4485 921 4550 studerent
935 4484 1079 4550 scientiis.
1138 4483 1178 4548 In
1193 4487 1338 4572 supremi
1348 4505 1433 4548 nam·

272 4675 287 4702 *
304 4673 429 4730 Advorte.
441 4673 619 4727 Cambrcnsisl
636 4674 688 4724 ista
697 4671 858 4724 Banardum
871 4671 1001 4736 scripsisse
1011 4683 1080 4721 anuo
1091 4669 1182 4721 saluar
1192 4669 1256 4720 1150
1264 4673 1311 4719 aut
1319 4667 1430 4722 circiter,

238 4737 342 4789 biennio
363 4740 487 4790 abnuam
538 4746 641 4801 atquam
658 4739 799 4788 Malachias
818 4737 941 4800 migravit
956 4739 985 4787 in
1003 4737 1112 4794 melum,
1133 4735 1179 4798 qui
1197 4735 1352 4784 dioecesanos
1374 4732 1433 4783 illos

238 4805 339 4868 capite
350 4805 451 4856 bestiali
465 4805 490 4856 ri
529 4812 556 4856 et
567 4805 681 4856 moribus
692 4803 725 4854 ad
736 4809 884 4873 sanctorum
895 4803 950 4854 rias
961 4802 1054 4854 nlicere
1064 4814 1133 4852 anno
1145 4799 1243 4852 Christi
1258 4798 1328 4848 1124.

1291 4921 1305 4968 1
