3736 6054
407 773 426 838 8
766 787 947 838 aronoom
969 789 1039 837 eno
1062 787 1247 837 amenum.
1470 772 1562 860 [cnr.
1579 791 1601 837 1.

404 944 492 1010 ribus
506 957 539 1012 et
552 943 743 1010 lectoribus?
766 945 852 1031 quod
866 945 940 1011 clim
956 945 1013 1010 tibi
1032 945 1201 1031 aliquando
1215 945 1248 1010 in
1271 945 1382 1010 faciem
1405 945 1601 1030 objiceretur,

405 1047 450 1110 tu,
465 1046 502 1097 ut
516 1031 605 1107 soles,
622 1030 735 1131 frigide
750 1043 785 1132 et
797 1034 900 1098 minus
914 1031 954 1096 ad
969 1048 1035 1097 rem
1050 1033 1230 1132 respondes,
1237 1033 1350 1120 partim
1365 1032 1399 1096 in
1410 1032 1511 1184 &imai
1526 1057 1601 1119 prae·

406 1117 522 1184 satione
538 1117 585 1182 tui
601 1128 620 1157 “
632 1117 815 1197 Itmcraru,”
830 1117 986 1206 partimin
994 1119 1175 1206 praefatione
1185 1143 1293 1207 prrmae
1303 1135 1364 1183 tuae
1381 1131 1400 1158 “
1449 1120 1602 1184 aticinalis

405 1205 557 1271 historiae”
572 1227 627 1269 scu
649 1215 668 1244 “
679 1203 934 1294 Expugnutionis
948 1205 1081 1271 Iberniae
1096 1206 1151 1271 lib.
1170 1208 1218 1284 1,“’
1239 1205 1318 1270 etin
1334 1205 1514 1292 praefatione
1529 1206 1602 1272 libri

404 1291 534 1358 secundi
548 1291 701 1376 inquiens,
719 1303 808 1357 “non
822 1306 901 1358 artes
915 1292 1009 1358 hodie
1021 1293 1141 1444 sipont,
1153 1293 1208 1358 sed
1218 1292 1329 1358 Martis
1340 1293 1452 1369 officia,
1464 1294 1602 1360 studium

404 1403 528 1444 versum
544 1393 590 1444 est
603 1378 636 1442 in
648 1378 766 1457 odium,
781 1380 860 1446 adeo
874 1379 1045 1444 litterarum
1084 1404 1160 1445 onor
1173 1380 1207 1444 in
1218 1379 1346 1445 summis
1368 1380 1443 1444 olim
1454 1380 1602 1467 gradibus

404 1465 598 1544 constitutus,
608 1465 682 1551 quia
692 1465 735 1531 sic
747 1467 852 1532 omnia
860 1467 923 1532 fato
932 1466 965 1531 in
980 1468 1070 1555 pejus
1083 1489 1172 1532 ruere
1187 1481 1220 1532 et
1233 1479 1315 1532 retro
1330 1467 1475 1554 sublapsa
1484 1467 1601 1546 referri,

400 1553 469 1638 jam
483 1552 630 1652 proclivis
643 1552 677 1616 in
692 1553 825 1629 minem,
848 1554 888 1619 ad
909 1553 974 1618 ima
994 1551 1121 1620 devolvi
1143 1554 1279 1628 videtur,
1301 1565 1338 1618 ut
1358 1577 1461 1618 rarum
1483 1553 1601 1621 addicti

404 1638 526 1717 studiis,
541 1663 605 1704 non
620 1639 720 1704 solum
735 1640 840 1718 hodie,
862 1639 1039 1719 imitabiles,
1062 1663 1127 1705 non
1147 1639 1350 1718 venerabiles,
1373 1642 1483 1706 veriam
1506 1639 1601 1706 etiam

404 1725 562 1792 odibiles.”
604 1726 637 1790 N
638 1751 678 1791 on
692 1741 738 1792 est
751 1727 805 1805 ita,
821 1751 893 1793 nam
910 1740 964 1792 tuo
979 1739 1129 1815 tempore,
1144 1725 1240 1792 etiam
1261 1727 1296 1791 in
1317 1727 1439 1814 Anglii
1460 1740 1493 1793 et
1514 1729 1600 1807 alibi,

402 1811 437 1877 in
467 1837 583 1913 magno
608 1813 730 1879 fuerant
754 1815 855 1902 pretio
882 1813 995 1878 litteras
1018 1827 1050 1880 et
1072 1813 1212 1892 litterati,
1232 1813 1403 1879 drrmmodo
1426 1815 1546 1880 cordati
1569 1833 1602 1882 et

402 1899 546 1978 modesti,
556 1911 592 1964 ut
603 1899 745 1966 omittam
757 1901 841 1966 euim
852 1901 885 1964 in
898 1899 1012 1977 Gallie,
1025 1915 1056 1966 te
1068 1901 1152 1979 vivo,
1163 1899 1313 1988 Gyralde,
1323 1899 1461 1967 flomissc
1471 1902 1600 1968 Petrum

404 1986 618 2053 Lombardum
643 1988 827 2076 magistrum
856 1987 1089 2066 sententiarum,
1126 1985 1263 2075 viguisse
1299 1987 1426 2053 Parisiis
1461 1989 1600 2055 studium

402 2074 555 2140 bonarum
584 2072 698 2139 artium
720 2074 887 2152 omnium,
910 2075 1080 2160 doctosque
1116 2074 1199 2140 viros
1229 2073 1269 2139 ad
1297 2074 1439 2162 regimen
1461 2076 1599 2141 ccclesias

401 2160 520 2246 ubique
535 2173 610 2227 tunc
624 2175 812 2250 assumptos3
834 2185 938 2226 nonne
954 2175 1057 2226 tecum
1072 2161 1106 2226 in
1120 2162 1241 2250 Anglii
1252 2161 1410 2240 vixerunt,
1420 2177 1453 2227 et
1466 2162 1601 2229 fortassis

403 2246 487 2312 oculi
503 2248 549 2312 tui
565 2247 724 2325 viderunt,
747 2249 802 2334 qui
825 2272 881 2336 per
902 2273 957 2313 ora
977 2248 1080 2313 virum
1095 2248 1208 2336 passim
1222 2247 1405 2326 volitabant,
1422 2248 1600 2316 Gulielmus

403 2333 698 2414 Malmesberiensis,
714 2333 872 2400 Henricus
888 2334 1162 2411 Huntintonensis,
1190 2337 1330 2401 Joannes
1360 2335 1599 2416 Salisberiensis,

403 2422 417 2499 l
475 2433 488 2486 t
516 2423 615 2486 factus
646 2421 845 2487 Carnotcnsis
875 2423 1052 2510 episcopus)
1081 2422 1192 2488 Petrus
1218 2420 1371 2488 Blesensis
1402 2424 1599 2507 (secretarius

403 2445 535 2574 Ippemici
551 2509 596 2573 ΙΙ.
612 2521 645 2573 et
659 2507 793 2574 filiorum
810 2533 846 2574 ac
861 2509 969 2574 uxoris
991 2509 1039 2574 sui
1061 2508 1188 2596 reginae,
1212 2509 1262 2574 vir
1283 2510 1482 2597 venerabilis)
1507 2511 1600 2577 Guli-

401 2595 502 2660 elmus
526 2595 761 2682 Neubrigcusis,
792 2595 935 2682 Rogerus
969 2596 1162 2662 Hovedenus
1185 2611 1217 2662 et
1251 2593 1306 2662 alii
1342 2617 1436 2684 supra
1471 2599 1503 2662 vi
1529 2598 1597 2677 ’nti,

402 2682 520 2767 quossi
535 2682 583 2746 eis
597 2682 704 2748 videre
719 2695 752 2747 et
765 2707 938 2760 numerare,
954 2683 1045 2748 adeas
1060 2683 1192 2748 Baleum
1207 2696 1240 2748 ct
1255 2679 1440 2748 Lelandum.
1485 2623 1598 2750 ιβΙιῆιε·

401 2783 486 2834 terea
515 2769 624 2847 dicis,”
652 2768 800 2855 quoniam
825 2794 905 2858 opus
928 2795 993 2835 non
1018 2771 1028 2833 i
1053 2769 1158 2836 nobile
1183 2770 1234 2836 To
1257 2768 1439 2858 ographiarn
1462 2785 1597 2837 nostram

401 2855 552 2942 (libenter
565 2870 620 2922 tua
634 2856 754 2942 laudus)
770 2856 852 2922 livor
867 2855 963 2922 laniat
977 2870 1010 2924 et
1029 2795 1190 2936 detractat,
1213 2795 1256 2923 ad
1275 2859 1343 2942 ejus
1363 2859 1598 2924 excusationem

398 2944 543 3029 quaedam
556 2943 716 3010 interferre
731 2968 795 3009 non
809 2944 976 3032 indignum
987 2943 1175 3033 putarimus.
1214 2989 1215 2992 =
1229 2944 1352 3031 Objicit
1366 2941 1450 3009 enim
1465 2946 1499 3010 in
1513 2945 1599 3012 hunc

399 3030 539 3108 modum,
563 3031 703 3118 “lupum
725 3031 896 3097 introducit
917 3056 989 3097 cum
1015 3032 1174 3097 sacerdote
1197 3030 1408 3118 loquentem*
1434 3032 1598 3098 mulierem

398 3116 558 3182 barbatam
573 3141 672 3202 usque
688 3117 728 3182 ad
743 3119 937 3197 umbilicum,
953 3119 1109 3184 cristatam
1124 3118 1158 3182 in
1173 3133 1272 3206 tergo,
1288 3133 1320 3184 et
1337 3119 1480 3204 jubatam
1502 3119 1599 3186 instar

400 3227 417 3266 e
440 3203 485 3282 ui,
507 3215 567 3268 etc.
583 3202 755 3281 hominem,
770 3207 880 3270 verbm
896 3205 949 3290 qui
966 3205 1041 3270 talia
1055 3206 1257 3271 vehementer
1279 3205 1433 3284 abhorret,
1457 3203 1543 3294 legat
1563 3207 1597 3271 in

400 3227 481 3354 libro
493 3288 626 3355 Numeri
639 3289 760 3354 asinum
769 3289 948 3375 loquentem
960 3291 1098 3370 Balaam,
1111 3305 1143 3356 et
1153 3292 1338 3380 prophetam
1348 3287 1597 3384 increpitantem.

432 3489 447 3518 ⁴
465 3487 523 3540 Lib.
543 3488 567 3546 2.
588 3488 700 3552 Topogr.
721 3503 777 3552 cap.
798 3488 835 3542 19.
862 3490 907 3540 ubi
928 3489 1033 3553 longam
1052 3495 1079 3540 et
1097 3489 1219 3541 refertam
1237 3491 1281 3546 ine
1299 3491 1342 3542 tiis
1361 3495 1388 3544 et
1406 3487 1597 3546 incredibilibus

399 3552 513 3604 fabulam
531 3561 646 3604 recenset
664 3554 696 3605 de
715 3555 772 3618 pari
791 3555 832 3605 sui
851 3555 975 3618 temporis
994 3553 1145 3618 conjugum,
1157 3571 1231 3607 serso
1243 3557 1270 3606 in
1281 3507 1366 3620 lupos,
1379 3564 1498 3609 acmanto
1509 3563 1597 3610 nmen

399 3619 507 3669 rationis
517 3634 602 3678 mum,
619 3621 775 3684 serpentium
796 3622 864 3670 sicut
881 3620 1116 3671 Nabuchodonosor
1133 3621 1203 3672 inter
1222 3623 1325 3680 bestias,
1343 3623 1464 3674 exulante
1481 3623 1559 3674 simul
1580 3641 1597 3676 a

399 3683 491 3746 patrii,
505 3685 533 3734 in
544 3684 655 3747 quidam
667 3684 740 3741 silvi,
753 3691 901 3747 merentum
914 3691 1008 3745 tamen,
1021 3691 1048 3736 et
1058 3686 1173 3736 humana
1183 3701 1245 3738 voce
1253 3687 1414 3750 loquentum.
1425 3693 1452 3738 et
1467 3689 1597 3740 salutante

398 3751 556 3800 sacerdotem
567 3752 613 3813 qui
624 3765 671 3814 per
681 3751 779 3812 sylvam
792 3751 923 3814 pergebat,
935 3756 962 3800 et
972 3751 1107 3814 flagitante
1118 3752 1187 3814 lupo,
1199 3753 1332 3802 submissis
1343 3753 1462 3816 precibus
1478 3760 1510 3804 nt
1525 3767 1596 3806 acce-

399 3814 515 3864 deretad
526 3829 631 3878 specum
643 3816 819 3879 iupuuxoris,
833 3831 891 3878 qua
910 3816 984 3866 enixi
1004 3817 1125 3880 cupiebat
1144 3815 1216 3868 sacris
1235 3818 1399 3869 Eucharistid
1418 3818 1497 3876 retici.
1517 3833 1596 3882 quam

399 3879 516 3930 sacerdos
532 3881 560 3930 in
594 3881 662 3932 ixide
679 3880 770 3932 ecclic
781 3881 903 3945 pendenti
915 3888 977 3931 tune
988 3883 1116 3944 gestabat,
1129 3883 1258 3946 lupusque
1274 3883 1307 3932 ad
1322 3884 1412 3946 lupam
1427 3883 1597 3948 approprians

398 3958 485 3994 coram
497 3959 554 3995 sace
585 3951 636 4004 otc,
647 3959 709 3996 voce
721 3945 832 3996 humani
844 3947 959 4010 pedeque
976 3945 1066 4010 lupino
1081 3947 1218 3998 ostendens
1234 3948 1330 3996 librum
1342 3963 1472 3999 sacrorum
1484 3950 1593 4010 ninum,

398 4023 452 4071 quo
476 4023 503 4060 se
527 4023 614 4061 carere
633 4012 719 4062 aiebat
736 4012 862 4066 sacerdos,
879 4011 957 4061 simul
974 4012 1051 4062 etiam
1073 4018 1100 4062 et
1121 4013 1210 4062 eodem
1229 4013 1294 4076 pede
1311 4027 1359 4077 pro
1377 4027 1458 4064 mann
1476 4013 1595 4077 iungens,

398 4080 508 4137 ungens
526 4083 606 4139 caput
622 4076 698 4139 lupe,
718 4077 811 4140 pellem
831 4076 946 4140 lupinam
966 4081 1048 4127 totam
1066 4077 1177 4140 cespite
1192 4078 1323 4140 usquead
1334 4079 1486 4130 umbilicum
1503 4081 1596 4131 leuiter

398 4145 546 4198 retractam,
576 4141 712 4204 replicarit
733 4146 761 4191 et
778 4142 867 4191 statim
890 4155 1009 4205 expressa
1028 4141 1111 4192 forma
1131 4143 1225 4192 vetula
1247 4142 1364 4193 mulieris
1385 4145 1515 4208 apparuit,
1537 4157 1596 4208 quse

398 4203 491 4254 obnixi
503 4205 644 4267 postularit
654 4211 681 4256 et
691 4206 782 4256 devoti
795 4208 865 4266 (narn
876 4207 920 4270 pia
930 4211 986 4257 erat
997 4213 1024 4257 et
1034 4207 1161 4257 catholica
1172 4215 1198 4258 et
1209 4208 1287 4270 iupus
1303 4208 1357 4272 ipse
1373 4210 1487 4272 suscepit
1502 4213 1594 4262 euciss-

398 4269 499 4319 ristiam
518 4269 551 4319 de
568 4285 648 4321 manu
659 4271 821 4336 sacerdotia)
834 4271 1020 4334 confestimque
1035 4272 1112 4335 lupus
1123 4287 1202 4335 quam
1218 4279 1362 4324 retraxerat
1381 4274 1441 4324 ante
1453 4275 1553 4338 pellem,
1567 4277 1595 4325 in

397 4335 534 4397 pristinam
551 4335 662 4385 formam
681 4342 827 4386 aestatum
845 4337 993 4400 coaptavit3
1020 4343 1047 4387 et
1065 4337 1211 4388 conducens
1235 4339 1393 4389 sacerdotem
1412 4347 1487 4390 extra
1503 4341 1595 4391 silvam

397 4399 511 4448 ostendit
521 4400 545 4450 ci
557 4407 665 4458 rectum,
679 4415 797 4450 securum
809 4401 867 4457 iter,
887 4407 914 4452 et
924 4401 978 4464 egit
988 4402 1086 4464 gratias
1095 4416 1143 4466 pro
1154 4403 1270 4466 impenso
1279 4417 1331 4453 sue
1341 4403 1409 4468 lupa
1421 4406 1551 4463 beneflcio,
1568 4409 1596 4457 et

398 4463 547 4528 prophetice
559 4465 676 4514 narravit
692 4466 825 4522 sacerdoti.
846 4480 904 4528 qure
914 4467 993 4516 variis
1014 4467 1173 4530 temporibus
1191 4467 1288 4518 tuturis
1305 4477 1494 4532 superventura
1511 4471 1596 4522 forent

397 4529 469 4589 genti
489 4529 644 4592 Anglorum,
659 4545 718 4592 qua
735 4530 827 4580 iisdem
846 4531 936 4580 diebus
946 4531 1077 4581 invaserat
1096 4538 1124 4582 et
1142 4544 1313 4596 occupaverat
1333 4533 1469 4585 Ibemiam.
1511 4537 1596 4587 Addit

399 4593 530 4657 Gyraldus
548 4594 615 4643 hanc
631 4609 685 4645 esse
703 4609 791 4645 reram
801 4595 945 4654 historiam,
956 4603 984 4646 et
993 4597 1049 4659 ipso
1058 4596 1103 4646 iiic
1113 4595 1167 4648 t'ere
1177 4603 1292 4663 tempore
1302 4614 1355 4662 quo
1371 4602 1520 4652 morabatur
1539 4609 1596 4652 tan-
1701 4627 1706 4638 ·

397 4659 478 4724 tisper
500 4659 529 4709 in
554 4657 657 4710 Iberniri
678 4660 824 4722 contigisse,
849 4665 876 4710 at
895 4659 928 4710 ad
950 4674 1058 4710 sxarnen
1080 4661 1143 4710 adeo
1163 4661 1295 4714 inusitate
1314 4666 1352 4716 rei
1373 4673 1490 4716 coactum
1516 4666 1595 4718 fuisse

398 4724 533 4788 Synodum
543 4723 729 4788 Episcoporum
740 4730 768 4776 et
779 4725 921 4782 abbatum,
935 4726 982 4786 qui
993 4723 1102 4788 Gyraldi
1112 4727 1219 4777 consilio
1230 4729 1388 4780 sacerdotem
1399 4730 1483 4786 iilum.
1499 4737 1593 4791 totam-

397 4805 448 4852 que
459 4790 586 4853 reigesta
608 4790 699 4840 seriem
720 4790 752 4840 da
770 4789 821 4841 lide
842 4789 906 4852 lupi,
929 4789 961 4840 de
980 4789 1168 4842 ministratione
1186 4793 1355 4844 Eucharistiae
1373 4796 1546 4855 confitentem,
1568 4803 1595 4847 et

397 4854 488 4918 sigiliis
498 4855 638 4908 eorundem
649 4856 828 4920 episcoporum
839 4859 917 4919 atque
930 4854 1053 4908 abbatum
1065 4857 1201 4917 munitam,
1217 4860 1344 4913 miseruut
1354 4861 1464 4914 Romam
1475 4862 1507 4912 ad
1525 4877 1594 4912 sum·
