3736 6054
242 837 320 885 oar.
337 817 376 906 1.]
597 835 777 884 aroucam
801 835 871 883 rao
893 836 1079 882 umanum.
1418 821 1437 884 9

244 993 346 1080 Legat
367 990 448 1056 vitas
469 1001 613 1090 patrum,¹
627 992 817 1078 faunumque
842 991 973 1058 ibidem
985 1015 1057 1058 curn
1082 992 1225 1091 Antonio
1251 992 1441 1078 loquentem,

243 1080 328 1178 legat
350 1079 577 1166 Augustinum,
592 1078 673 1145 hbro
691 1081 729 1144 16
746 1093 778 1144 et
801 1082 840 1144 al
858 1079 897 1144 de
913 1078 1051 1144 Civitate
1067 1078 1140 1155 Der,
1163 1091 1195 1142 et
1210 1079 1317 1144 audiat
1331 1079 1442 1148 divum

245 1166 477 1253 Hreronymum
493 1164 637 1242 aientem,
654 1176 673 1206 “
687 1167 786 1232 multa
799 1166 833 1230 in
848 1165 1007 1254 scripturis
1027 1164 1225 1230 incredibilia
1245 1165 1443 1255 reperiuntur

243 1277 303 1318 neo
317 1251 506 1318 verosimilia
520 1276 590 1338 quae
612 1252 817 1318 nihilominus
831 1277 905 1318 vera
919 1265 1000 1331 sunt,
1016 1276 1075 1318 neo
1089 1252 1174 1316 enim
1196 1265 1303 1317 contra
1324 1266 1442 1318 naturae

244 1339 394 1428 praevalet
408 1339 592 1416 Dominum,
614 1353 737 1419 natura,
759 1364 818 1406 nec
841 1339 988 1405 detestari
1010 1338 1115 1417 debet,
1131 1339 1186 1404 sed
1207 1338 1364 1418 admirari,
1387 1338 1443 1404 sed

244 1426 385 1492 venerari
394 1426 542 1491 creatoris
553 1449 648 1513 opera
662 1427 791 1512 quaevis,
801 1439 948 1493 creaturae
961 1439 1023 1492 est:
1046 1439 1082 1490 ut
1096 1425 1183 1511 quid,
1198 1426 1259 1490 nisi
1268 1427 1343 1512 quia
1353 1449 1442 1490 mun·

244 1515 302 1578 dus
316 1511 435 1601 positus
450 1525 496 1578 est
509 1512 544 1577 in
558 1514 707 1602 maligno,
722 1513 863 1580 rodimur
884 1527 917 1580 et
938 1511 1132 1580 laceramur?
1155 1527 1187 1577 et
1208 1512 1352 1580 desinant
1366 1536 1442 1614 ergo

245 1599 367 1686 aliquid
382 1599 529 1664 damnare
548 1599 623 1684 quia
644 1601 685 1665 sit
706 1624 834 1679 novum,
857 1601 942 1687 quod
963 1599 1096 1666 labentis
1119 1599 1267 1688 temporis
1288 1598 1442 1666 benefiero

245 1688 321 1752 dum
343 1685 491 1752 novitatis
512 1687 654 1774 arguitur
674 1687 791 1753 desinit
812 1711 876 1753 esse
898 1710 1025 1752 novum.
1070 1686 1197 1752 Habeat
1211 1685 1310 1774 igitur
1322 1687 1357 1751 in
1378 1687 1442 1753 illis

245 1773 382 1862 (scriptis
397 1773 522 1849 nostris)
540 1786 571 1838 et
586 1796 720 1862 praesens
733 1787 857 1862 tempus
872 1773 956 1861 quod
971 1774 1096 1853 laceret,
1120 1787 1152 1838 et
1173 1772 1335 1861 posteritas
1357 1774 1443 1859 quod

244 1861 362 1940 laudat,
384 1860 499 1926 habeat
520 1859 579 1925 hoc
603 1861 689 1947 quod
710 1861 812 1934 laedat,
837 1861 892 1927 illa
915 1861 999 1946 quod
1021 1861 1117 1948 legat,
1141 1859 1257 1926 habeat
1279 1860 1338 1926 hoc
1357 1860 1443 1946 quod

246 1948 373 2012 damnet
387 1946 442 2012 illa
457 1946 542 2032 quod
558 1960 651 2026 amet,
674 1948 789 2014 habeat
802 1949 864 2013 hoc
879 1948 964 2034 quod
978 1948 1089 2036 probet
1102 1945 1158 2013 illa
1172 1947 1258 2033 quod
1272 1948 1442 2035 reprobet.”

245 2035 329 2118 Hoc,
343 2033 399 2099 illo
413 2033 482 2099 loco
497 2033 656 2122 Gyruldus
669 2035 724 2120 qui
746 2033 867 2101 etiamsi
889 2059 953 2100 non
975 2033 1015 2100 sit
1037 2034 1107 2099 Deo
1128 2033 1318 2122 impomibile
1341 2035 1441 2100 facere

245 2122 331 2208 quod
346 2121 385 2186 de
400 2120 482 2209 lupis
497 2120 644 2202 narravit,
660 2121 748 2187 nullo
761 2121 876 2186 idoneo
891 2134 1074 2208 argumento
1096 2133 1212 2199 tamen,
1235 2134 1441 2210 praeterquam

244 2233 307 2274 suae
322 2207 416 2274 solius
430 2206 633 2282 auctoritatis,
647 2208 737 2274 nobis
762 2207 898 2273 ostendit
922 2207 1105 2296 permissum
1125 2207 1178 2273 vel
1199 2207 1315 2273 facturn
1337 2207 1441 2273 luisse.

247 2295 342 2378 Quod
355 2295 449 2359 refert
459 2295 499 2360 de
514 2293 575 2382 piis
590 2295 721 2374 devotis,
746 2295 908 2361 catholicis
934 2308 966 2360 et
991 2293 1249 2382 prophetantibus
1271 2295 1305 2360 lu
1328 2295 1354 2360 is
1378 2293 1442 2360 illis

245 2384 346 2469 deque
361 2405 485 2447 accessu
499 2382 669 2447 eorundem
684 2382 724 2448 ad
739 2405 854 2448 sacram
870 2381 1015 2470 synaxim
1037 2405 1100 2446 non
1114 2381 1271 2470 praemissai
1315 2406 1332 2447 e
1356 2405 1441 2448 more

245 2467 481 2536 catholicorum
506 2473 591 2533 sacri
611 2483 812 2556 pcccatorum
837 2467 1045 2547 confessionc;
1075 2491 1178 2554 neque
1200 2468 1333 2557 uspiam,
1358 2470 1443 2554 quod

247 2556 343 2622 sciam
358 2554 428 2632 nisi,
446 2554 531 2644 apud
546 2555 732 2655 Gyraldum,
749 2555 852 2622 visum
866 2555 919 2621 vel
934 2554 1086 2633 auditum,
1109 2555 1263 2644 synodum
1287 2561 1324 2621 ei
1346 2555 1385 2621 de
1407 2580 1441 2621 re

244 2643 377 2721 ludicri,
388 2655 420 2708 et
430 2641 530 2706 multb
543 2644 646 2708 rnrnirs
656 2643 820 2732 Synodum
830 2642 940 2708 elidem
952 2643 992 2708 de
1003 2667 1037 2708 re
1051 2641 1207 2708 monuisse
1219 2666 1344 2731 papam.
1377 2641 1441 2708 Sed

246 2731 303 2796 has
314 2742 464 2819 praetereo
473 2727 609 2815 aliasque
620 2730 739 2796 fabulas
750 2731 864 2818 plures,
875 2753 1007 2815 quarum
1021 2753 1116 2794 unam
1128 2729 1283 2817 insignem
1296 2729 1335 2794 de
1347 2752 1439 2816 praes-

243 2817 347 2883 bitero
363 2816 514 2882 Eliodero
529 2829 561 2882 et
580 2816 612 2903 pi
670 2817 714 2882 eis
737 2829 770 2884 et
792 2841 875 2882 novo
899 2817 1030 2895 mundo,
1045 2816 1120 2881 vide
1134 2815 1189 2883 lib.
1207 2818 1236 2882 1.
1280 2815 1438 2881 Itinerarii

242 2927 313 2993 cap.
329 2907 360 2982 8,
376 2905 572 2992 reprobatam
587 2839 757 2970 affivello.

243 3075 551 3200 humilitus&
562 3075 960 3206 ditttrtttthiull
970 3075 1441 3204 „lidtmmrrlhtrtut

243 3208 344 3258 femina
368 3214 494 3270 coguntur
513 3208 617 3259 exulare
639 3215 694 3258 tarn
712 3223 729 3258 a
746 3208 837 3257 formis
856 3207 933 3270 quim
953 3221 970 3256 a
986 3207 1090 3264 linibus,
1111 3213 1137 3257 ct
1155 3207 1296 3257 humanam
1315 3212 1439 3256 &euntes

243 3272 490 3336 induantlupinam.
524 3273 612 3322 Etiam
623 3272 744 3336 adjungit
762 3287 820 3335 qua
831 3287 883 3322 non
900 3271 976 3322 video
995 3277 1026 3321 ut
1044 3271 1163 3321 excusari
1181 3272 1280 3336 possint
1299 3273 1332 3321 ab
1350 3270 1440 3334 apertis

243 3338 338 3394 herai,
349 3351 409 3387 cunr
420 3339 458 3388 ait
475 3342 492 3366 ‘³
499 3351 552 3387 non
561 3338 650 3400 itaque
661 3337 848 3388 decredendum
859 3342 899 3388 est
909 3337 954 3387 sed
965 3336 1052 3400 potius
1065 3335 1116 3386 lide
1126 3336 1268 3388 certissimi
1279 3342 1319 3387 est
1329 3336 1439 3400 amplec-

242 3403 354 3453 tendum
364 3403 480 3452 divinam
491 3408 611 3452 naturam
623 3417 670 3466 pro
681 3403 764 3454 salute
773 3402 880 3460 mundi;
896 3402 1036 3452 humanam
1048 3409 1168 3452 naturam
1176 3402 1366 3464 assumpsisse.''
1378 3401 1440 3464 (hoc

241 3481 300 3519 esse
320 3468 431 3518 heresim
449 3465 501 3517 unia
522 3481 585 3518 voce
601 3467 725 3526 doctores,
751 3467 863 3529 theologi
890 3481 951 3517 curn
976 3467 1139 3528 generalibus
1159 3467 1274 3517 conciliis
1301 3466 1439 3524 affimant,

243 3533 353 3590 denus,
364 3532 415 3582 fide
432 3531 573 3582 christianis
592 3547 639 3582 nos
656 3533 767 3590 credere.
790 3531 860 3595 qubd
872 3532 943 3582 Deus
962 3532 1130 3594 assumpserit
1148 3532 1288 3581 humanam
1300 3529 1438 3590 naturam5

244 3596 335 3648 sidem
356 3599 435 3647 etiam
457 3611 504 3647 nos
522 3597 573 3648 ilde
595 3597 699 3648 credere
719 3596 791 3660 qudd
812 3602 906 3647 natura
920 3596 1009 3645 divina
1027 3597 1082 3646 sire
1098 3597 1181 3646 deitas
1197 3611 1248 3646 non
1271 3597 1440 3659 assumpserit

243 3663 398 3724 humanam)
413 3668 432 3690 ¹⁸
439 3661 499 3712 cdrn
509 3662 551 3712 hle
562 3663 615 3712 solo
627 3663 677 3713 Dei
688 3668 756 3712 nutu
767 3663 800 3712 ad
807 3661 987 3712 declarandam
995 3666 1036 3711 sui
1043 3663 1186 3724 potentiam
1193 3667 1220 3713 et
1228 3661 1377 3717 vindictam,
1386 3675 1439 3711 non

243 3727 341 3778 minori
351 3727 475 3777 miraculo
486 3726 544 3786 (hoc
555 3733 594 3777 est
604 3727 771 3777 manifestum
781 3727 952 3784 mendacium,
964 3740 1024 3776 nam
1035 3726 1152 3776 omniurn
1166 3727 1310 3776 maximum
1328 3727 1440 3776 miracu·

241 3793 300 3842 lum
320 3792 371 3841 init
389 3793 532 3842 incarnatio
551 3793 611 3855 Dei)
629 3792 744 3842 humana
762 3797 857 3840 natura
875 3791 992 3854 lupinam
1003 3789 1172 3850 assumeret,”
1183 3796 1210 3843 et
1220 3791 1268 3841 hoc
1280 3797 1319 3842 est
1331 3792 1437 3840 tertium

242 3856 417 3913 sreudacinm,
434 3870 494 3906 nam
506 3871 639 3919 nunquam
649 3857 702 3908 luit
713 3857 782 3908 lacta
793 3857 854 3907 unio
864 3857 975 3907 duarum
991 3862 1144 3906 naturarum
1162 3857 1190 3906 iu
1210 3855 1286 3906 umet
1305 3857 1438 3920 hypostasi

242 3920 578 3986 nisiiupersoniafiliiDei.
801 3939 805 3946 ’
