3772 6008
271 799 350 848 car.
366 780 415 870 v.]
636 795 819 850 aroucam
840 799 912 848 sno
934 801 1121 848 umanum.
1424 787 1463 850 71

584 952 1104 1142 ΜΝ
1115 957 1465 1132 utu

270 1131 452 1281 dhffirem
464 1127 682 1228 ¹Columbanus
696 1129 941 1232 scripsitcontra
950 1129 1099 1210 Arianos,
1110 1131 1182 1258 ⁴c‘irrn
1199 1143 1279 1196 esset
1290 1130 1465 1246 Mediolani

269 1239 304 1282 m
392 1219 428 1294 a,
449 1214 575 1282 hbellus
589 1238 655 1280 srva
669 1239 782 1306 poema
802 1229 928 1304 pretatrs
948 1216 1089 1305 plenum,
1144 1215 1365 1284 Monastrchon
1401 1218 1466 1283 ‹hc-

269 1316 349 1384 tum,
372 1313 406 1369 et
430 1300 573 1389 epistola,
595 1301 662 1368 sive
685 1301 818 1368 alterurn
832 1327 954 1392 poema,
986 1304 1183 1370 “Adversus
1196 1303 1402 1383 Avaritiam,”
1425 1305 1466 1370 ad

269 1413 362 1455 suum
393 1387 583 1477 discipulum
618 1388 816 1455 Hunialdum
843 1391 980 1478 (extant,
1007 1403 1082 1457 tom.
1106 1393 1137 1472 1,
1161 1389 1294 1458 Henrici
1320 1390 1466 1477 canisii).

270 1476 336 1542 Vel
350 1499 394 1542 ex
407 1475 503 1542 unico
523 1475 580 1542 sed
605 1475 796 1563 amphssimo
820 1477 999 1544 testimonio
1022 1478 1093 1557 isto,
1116 1501 1159 1544 ex
1181 1477 1250 1544 vita
1275 1475 1465 1544 columbani

269 1583 409 1652 accepto,
439 1562 565 1630 abunde
594 1575 724 1652 apparet
750 1564 798 1629 nil
826 1562 888 1630 nisi
919 1588 1006 1631 mera
1040 1564 1215 1644 mendacia,
1251 1577 1285 1630 et
1319 1588 1467 1653 magnam

268 1650 468 1729 calumniam,
482 1655 645 1738 suppressa
658 1651 790 1717 veritate
804 1651 939 1718 fortasis
953 1651 1070 1740 agnita,
1083 1651 1227 1740 sparsisse
1242 1651 1466 1718 Gambrensern

270 1739 415 1804 adversus
430 1737 559 1804 lbernos
573 1736 752 1806 universim.

313 1823 377 1890 Oui
391 1825 416 1888 si
430 1846 494 1889 non
510 1822 586 1889 facit
607 1824 681 1890 satis
703 1823 744 1890 ad
765 1824 979 1892 confusionem
1002 1825 1176 1904 calumniae,
1200 1825 1292 1892 adeat
1313 1838 1347 1891 et
1367 1824 1468 1892 discat

270 1936 289 1975 a
303 1910 422 1988 Beda·
445 1934 484 1976 an
507 1910 561 1976 ille
583 1910 724 1990 Ibernus,
749 1910 783 1977 S.
799 1911 956 1978 Columba
977 1913 1082 1991 abbas,
1113 1913 1208 2000 (alius
1229 1937 1248 1979 a
1269 1911 1467 1981 Columbano

270 1997 487 2082 Luxuriense)
510 1997 566 2084 qui
580 2011 671 2064 natus
685 1997 721 2062 in
734 1997 862 2064 Ibernib
876 2021 957 2064 anno
971 1999 1080 2065 salutis
1094 2001 1169 2079 523,
1184 2010 1216 2065 et
1229 1999 1467 2087 quadragesimo

269 2084 405 2150 secundo
419 2108 482 2149 suae
497 2083 596 2150 aetatis
616 2108 709 2164 anno,
732 2109 805 2150 cum
826 2084 993 2152 duodecim
1016 2084 1177 2175 discipulis
1199 2085 1322 2152 Ibernis
1342 2085 1466 2164 sanctis,

269 2171 601 2324 ithffhrii'ieii
616 2170 1466 2340 cidsiiiih‘oedihoiiffiihmdudnffi

269 2368 386 2425 omnes,
400 2344 501 2434 spatio
511 2306 646 2432 ’triginta
682 2358 793 2412 uetuor
806 2369 969 2426 annorum,
991 2346 1106 2432 quibus
1127 2311 1184 2435 pro
1205 2348 1346 2447 ipsorum
1367 2346 1467 2413 salute

269 2432 410 2510 sudabat,
432 2433 596 2498 convertit.
716 2480 725 2511 ,
747 2432 889 2532 inquam,
911 2433 966 2500 ille
988 2433 1121 2499 Ibernus
1143 2435 1238 2500 hient
1259 2433 1312 2500 vel
1332 2446 1466 2513 sanctus,

270 2519 322 2585 vel
336 2519 386 2584 vir
399 2517 606 2598 doctissimus,
629 2519 682 2584 vel
699 2518 884 2619 praedrcator
904 2519 1061 2608 egregius,
1083 2519 1136 2586 vel
1158 2521 1258 2606 qualis
1279 2520 1358 2587 alter
1379 2544 1467 2609 apos-

270 2606 404 2672 tolorum
420 2604 550 2685 Christi,
573 2616 687 2693 potens
701 2629 735 2670 m
749 2629 843 2694 opere
864 2617 898 2672 et
911 2629 1063 2686 sermone,
1084 2607 1272 2695 magnificus
1286 2607 1321 2672 in
1335 2606 1468 2673 miracu·

269 2693 317 2770 lis,
347 2691 498 2758 mirabihs
523 2692 559 2757 in
583 2691 737 2758 universis
760 2717 830 2778 quae
855 2717 912 2780 per
937 2705 1035 2759 totam
1056 2694 1157 2759 vitam
1180 2694 1303 2781 agebat,
1329 2693 1467 2772 dicebat,

266 2778 433 2857 scribebat,
448 2778 616 2894 copitabat.
662 2777 698 2846 Si
720 2778 797 2845 scire
819 2803 892 2845 aves
914 2803 1064 2866 quosnam
1086 2779 1224 2868 appellat
1246 2789 1266 2820 “
1280 2779 1469 2846 Transmon-

266 2879 355 2932 tanos
378 2865 482 2932 Pictos
521 2865 620 2944 Beda,
646 2889 725 2952 quos
749 2865 937 2932 Columbam
961 2867 1117 2944 abbatem,
1147 2866 1201 2944 ait,
1224 2865 1350 2954 caepisse
1380 2889 1462 2932 anno

265 2953 372 3018 salutis
397 2953 460 3019 565
485 2965 665 3020 convertere
689 2952 730 3017 ad
756 2951 941 3018 Christum?
963 2953 1146 3041 respondeo,
1172 2953 1281 3018 mein
1306 2952 1368 3020 alio
1390 2953 1462 3020 loco

265 3038 406 3106 evidenti
436 3052 619 3128 argumento
649 3038 884 3119 demonstrasse,
914 3062 978 3105 non
1006 3039 1099 3108 sliam
1129 3050 1256 3128 gentem
1286 3039 1379 3106 fuisse
1408 3040 1461 3106 vel

306 3126 397 3214 pulos
425 3141 480 3192 aut
508 3126 652 3214 regiones
680 3125 816 3205 illorum,
846 3127 941 3278 pphm
967 3124 1127 3193 hodiemae
1151 3126 1253 3215 gentis
1278 3126 1461 3207 Britanniae,

265 3150 433 3280 ibororum
457 3237 541 3278 nunc
556 3237 595 3301 ap
636 3213 736 3292 llatae3
759 3224 792 3278 et
814 3212 849 3278 in
872 3213 978 3302 'genae
998 3213 1149 3302 portionis
1175 3213 1271 3279 totius
1293 3227 1457 3293 terrarum,

265 3299 636 3452 missbar
654 3299 1334 3454 hrrffltmstrsetshht
1349 3313 1461 3454 stis

265 3473 353 3552 dicti,
378 3472 505 3574 ,hioluit
530 3498 548 3572 a
571 3473 684 3574 Beda?
707 3410 827 3574 glotta,
853 3497 872 3539 a
897 3472 1193 3574 Cornelio'i'acito.
1236 3473 1270 3538 A
1297 3497 1360 3560 quo
1382 3473 1461 3540 ostio

265 3560 979 3746 {characterismus
995 3559 1461 3747 statuissetis

265 3734 463 3813 etdoctnnt,
478 3757 573 3820 quam
587 3733 648 3800 hoc
662 3733 777 3814 seculo,
792 3733 897 3813 idest,
913 3735 953 3800 ab
967 3757 1049 3800 anno
1072 3733 1191 3800 Ohnstr
1214 3735 1279 3800 500
1300 3733 1460 3820 usquead

266 3823 340 3900 600,
366 3821 510 3886 hauserat
534 3821 568 3884 in
591 3819 726 3900 Ibernia,
750 3821 866 3888 meruit
889 3844 955 3888 esse
982 3844 1018 3886 ac
1042 3820 1106 3886 dici
1128 3820 1236 3886 doctor
1257 3833 1290 3886 et
1304 3820 1461 3908 apostolus

287 3907 383 3973 rimus
412 3906 565 3973 universae
594 3907 739 3986 nationis,
769 3931 840 3995 quae
868 3907 964 3974 hodie
992 3906 1103 3974 incolit
1131 3907 1326 3993 aquilonares
1352 3907 1461 3996 plagas

264 3931 447 4074 hritanniae,
462 4007 495 4060 et
501 4017 585 4108 ⁴‘gena
599 3994 804 4062 “recentium
820 3993 1012 4074 Scotorum,”
1026 3993 1210 4082 appellatur,
1225 4006 1263 4059 ut
1276 4006 1309 4059 et
1322 3993 1460 4083 ipsorum

265 4081 363 4182 regio,
386 4091 407 4181 ‘ff
418 4105 501 4232 nolva
539 4090 635 4182 seuf‘
646 4081 750 4146 minor
772 4081 904 4150 scoria’*
949 4081 984 4148 si
1003 4081 1070 4232 ¹p'bi
1093 4079 1197 4147 minias
1221 4081 1337 4147 arridet
1361 4081 1461 4162 Beda,

266 4167 939 4355 :terreremutttuttah
954 4167 1463 4355 truria*

265 4367 315 4420 srs,
331 4343 530 4430 obstupescas
566 4365 607 4406 rae
622 4340 826 4409 admiratione
840 4365 959 4420 eorum,
974 4365 1044 4428 quae
1060 4341 1098 4407 de
1114 4341 1286 4420 sanctitate,
1309 4341 1461 4420 docmnt,

265 4429 453 4508 doctoribus,
482 4365 586 4494 studio
614 4429 798 4508 litterarum,
827 4428 966 4495 moribus
994 4428 1121 4517 optimis
1147 4429 1250 4518 gentis
1276 4429 1461 4496 Ibetnorum

265 4516 360 4603 hujus
385 4513 490 4581 saeculi
514 4515 608 4602 leges.
663 4515 786 4581 Floruit
811 4515 871 4582 hoc
895 4515 1006 4582 eodem
1026 4515 1142 4594 seculo,
1165 4527 1198 4582 et
1219 4516 1260 4581 ad
1281 4515 1395 4582 coelum
1417 4539 1460 4582 ex

266 4603 395 4670 Ibernia
408 4601 558 4691 migravit
573 4625 653 4667 anno
668 4602 775 4668 salutis
790 4605 865 4682 521,
888 4603 928 4669 ad
952 4605 969 4667 1
987 4602 1072 4669 diem
1093 4602 1187 4670 Febr.
1211 4601 1269 4669 flos
1289 4601 1460 4690 virgiuum,

396 4804 411 4832 '
428 4802 486 4852 Lib.
499 4802 522 4860 3,
535 4819 590 4867 cap.
605 4803 658 4852 het
669 4803 694 4861 4,
708 4808 734 4852 et
745 4801 789 4852 lib.
802 4805 826 4861 ⁵,
840 4817 896 4867 cap.
913 4804 952 4854 10.

395 4871 411 4924 †
429 4868 493 4931 Quas
504 4870 588 4919 trihus
599 4868 681 4928 libris,
691 4870 875 4932 comprehensa
886 4873 966 4930 extat,
980 4873 1042 4920 torn.
1056 4869 1080 4928 t,
1098 4867 1206 4920 Henrici
1218 4867 1322 4921 canisii.
