<?xml version="1.0" encoding="UTF-8"?>
<!DOCTYPE html PUBLIC "-//W3C//DTD XHTML 1.0 Transitional//EN"
    "http://www.w3.org/TR/xhtml1/DTD/xhtml1-transitional.dtd">
<html xmlns="http://www.w3.org/1999/xhtml" xml:lang="en" lang="en">
 <head>
  <title>
</title>
<meta http-equiv="Content-Type" content="text/html;charset=utf-8" />
  <meta name='ocr-system' content='tesseract 3.04.00' />
  <meta name='ocr-capabilities' content='ocr_page ocr_carea ocr_par ocr_line ocrx_word'/>
</head>
<body>
  <div class='ocr_page' id='page_1' title='image "apologiaprohibe00kellgoog_0124.png"; bbox 0 0 3772 6008; ppageno 0'>
   <div class='ocr_carea' id='block_1_1' title="bbox 303 764 1500 852">
    <p class='ocr_par' dir='ltr' id='par_1_1' title="bbox 303 764 1500 852">
     <span class='ocr_line' id='line_1_1' title="bbox 303 764 1500 852; baseline -0.002 -22"><span class='ocrx_word' id='word_1_1' title='bbox 303 782 381 830; x_wconf 78' lang='lat' dir='ltr'>car.</span> <span class='ocrx_word' id='word_1_2' title='bbox 398 764 492 852; x_wconf 74' lang='lat' dir='ltr'>vrri]</span> <span class='ocrx_word' id='word_1_3' title='bbox 657 781 837 830; x_wconf 80' lang='lat' dir='ltr'>sronocra</span> <span class='ocrx_word' id='word_1_4' title='bbox 852 781 922 830; x_wconf 81' lang='lat' dir='ltr'>rao</span> <span class='ocrx_word' id='word_1_5' title='bbox 937 781 1123 830; x_wconf 79' lang='lat' dir='ltr'>niarasis.</span> <span class='ocrx_word' id='word_1_6' title='bbox 1459 772 1500 836; x_wconf 83' lang='lat'>95</span> 
     </span>
    </p>
   </div>
   <div class='ocr_carea' id='block_1_2' title="bbox 269 936 1548 4798">
    <p class='ocr_par' dir='ltr' id='par_1_2' title="bbox 269 936 1548 4798">
     <span class='ocr_line' id='line_1_2' title="bbox 304 936 1499 1051; baseline 0.004 -47"><span class='ocrx_word' id='word_1_7' title='bbox 304 960 373 1026; x_wconf 89' lang='lat' dir='ltr'>cap.</span> <span class='ocrx_word' id='word_1_8' title='bbox 389 938 442 1015; x_wconf 80' lang='lat'>20,</span> <span class='ocrx_word' id='word_1_9' title='bbox 455 937 593 1051; x_wconf 77' lang='lat' dir='ltr'>prefigit</span> <span class='ocrx_word' id='word_1_10' title='bbox 607 936 702 1004; x_wconf 87' lang='lat' dir='ltr'>istum</span> <span class='ocrx_word' id='word_1_11' title='bbox 717 937 861 1003; x_wconf 79' lang='lat' dir='ltr'>b&#39;tulum:</span> <span class='ocrx_word' id='word_1_12' title='bbox 883 938 954 1004; x_wconf 89' lang='lat' dir='ltr'>“de</span> <span class='ocrx_word' id='word_1_13' title='bbox 970 937 1155 1004; x_wconf 89' lang='lat' dir='ltr'>Ibemorum</span> <span class='ocrx_word' id='word_1_14' title='bbox 1168 939 1318 1024; x_wconf 87' lang='lat' dir='ltr'>nequitiis</span> <span class='ocrx_word' id='word_1_15' title='bbox 1340 951 1372 1008; x_wconf 85' lang='lat' dir='ltr'>et</span> <span class='ocrx_word' id='word_1_16' title='bbox 1394 941 1499 1030; x_wconf 88' lang='lat' dir='ltr'>prodi·</span> 
     </span>
     <span class='ocr_line' id='line_1_3' title="bbox 304 1024 1501 1126; baseline 0.001 -34"><span class='ocrx_word' id='word_1_17' title='bbox 304 1024 470 1104; x_wconf 90' lang='lat' dir='ltr'>tionibus,’</span> <span class='ocrx_word' id='word_1_18' title='bbox 492 1037 525 1090; x_wconf 91' lang='lat' dir='ltr'>et</span> <span class='ocrx_word' id='word_1_19' title='bbox 548 1024 667 1113; x_wconf 81' lang='lat' dir='ltr'>pergit3</span> <span class='ocrx_word' id='word_1_20' title='bbox 691 1033 786 1114; x_wconf 79' lang='lat' dir='ltr'>“prae</span> <span class='ocrx_word' id='word_1_21' title='bbox 810 1024 896 1090; x_wconf 91' lang='lat' dir='ltr'>omni</span> <span class='ocrx_word' id='word_1_22' title='bbox 919 1025 981 1090; x_wconf 78' lang='lat' dir='ltr'>alia</span> <span class='ocrx_word' id='word_1_23' title='bbox 1005 1036 1100 1114; x_wconf 85' lang='lat' dir='ltr'>gente</span> <span class='ocrx_word' id='word_1_24' title='bbox 1124 1024 1355 1126; x_wconf 79' lang='lat' dir='ltr'>proditionibus</span> <span class='ocrx_word' id='word_1_25' title='bbox 1377 1051 1501 1116; x_wconf 80' lang='lat' dir='ltr'>semper</span> 
     </span>
     <span class='ocr_line' id='line_1_4' title="bbox 304 1109 1500 1190; baseline 0.004 -14"><span class='ocrx_word' id='word_1_26' title='bbox 304 1110 462 1189; x_wconf 88' lang='lat' dir='ltr'>insistunt,</span> <span class='ocrx_word' id='word_1_27' title='bbox 491 1110 588 1176; x_wconf 89' lang='lat' dir='ltr'>fidem</span> <span class='ocrx_word' id='word_1_28' title='bbox 625 1112 729 1177; x_wconf 88' lang='lat' dir='ltr'>datam</span> <span class='ocrx_word' id='word_1_29' title='bbox 757 1111 877 1177; x_wconf 89' lang='lat' dir='ltr'>nemini</span> <span class='ocrx_word' id='word_1_30' title='bbox 902 1125 1035 1190; x_wconf 88' lang='lat' dir='ltr'>servant,</span> <span class='ocrx_word' id='word_1_31' title='bbox 1061 1109 1138 1178; x_wconf 87' lang='lat' dir='ltr'>fider</span> <span class='ocrx_word' id='word_1_32' title='bbox 1163 1123 1196 1178; x_wconf 91' lang='lat' dir='ltr'>et</span> <span class='ocrx_word' id='word_1_33' title='bbox 1220 1114 1404 1180; x_wconf 88' lang='lat' dir='ltr'>sacramenti</span> <span class='ocrx_word' id='word_1_34' title='bbox 1429 1115 1500 1181; x_wconf 89' lang='lat' dir='ltr'>reli·</span> 
     </span>
     <span class='ocr_line' id='line_1_5' title="bbox 304 1197 1499 1286; baseline 0.004 -23"><span class='ocrx_word' id='word_1_35' title='bbox 304 1198 442 1286; x_wconf 82' lang='lat' dir='ltr'>gloriam,</span> <span class='ocrx_word' id='word_1_36' title='bbox 472 1221 567 1284; x_wconf 90' lang='lat' dir='ltr'>quam</span> <span class='ocrx_word' id='word_1_37' title='bbox 596 1197 656 1266; x_wconf 91' lang='lat' dir='ltr'>sibi</span> <span class='ocrx_word' id='word_1_38' title='bbox 686 1197 843 1264; x_wconf 86' lang='lat' dir='ltr'>observari</span> <span class='ocrx_word' id='word_1_39' title='bbox 865 1221 1062 1286; x_wconf 84' lang='lat' dir='ltr'>summopere</span> <span class='ocrx_word' id='word_1_40' title='bbox 1076 1198 1199 1279; x_wconf 88' lang='lat' dir='ltr'>volunt,</span> <span class='ocrx_word' id='word_1_41' title='bbox 1224 1199 1294 1265; x_wconf 91' lang='lat' dir='ltr'>aliis</span> <span class='ocrx_word' id='word_1_42' title='bbox 1341 1201 1499 1284; x_wconf 70' lang='lat' dir='ltr'>restitum,</span> 
     </span>
     <span class='ocr_line' id='line_1_6' title="bbox 305 1224 1499 1371; baseline 0.004 -21"><span class='ocrx_word' id='word_1_43' title='bbox 305 1283 447 1371; x_wconf 80' lang='lat' dir='ltr'>quotidie</span> <span class='ocrx_word' id='word_1_44' title='bbox 469 1285 588 1352; x_wconf 86' lang='lat' dir='ltr'>violare</span> <span class='ocrx_word' id='word_1_45' title='bbox 611 1309 669 1352; x_wconf 90' lang='lat' dir='ltr'>nec</span> <span class='ocrx_word' id='word_1_46' title='bbox 694 1285 954 1365; x_wconf 76' lang='lat' dir='ltr'>verecundantur,</span> <span class='ocrx_word' id='word_1_47' title='bbox 980 1309 1039 1351; x_wconf 89' lang='lat' dir='ltr'>nec</span> <span class='ocrx_word' id='word_1_48' title='bbox 1062 1287 1240 1366; x_wconf 62' lang='lat' dir='ltr'>verentur,⁵</span> <span class='ocrx_word' id='word_1_49' title='bbox 1263 1224 1349 1354; x_wconf 72' lang='lat' dir='ltr'>unde</span> <span class='ocrx_word' id='word_1_50' title='bbox 1374 1299 1499 1354; x_wconf 89' lang='lat' dir='ltr'>etcum</span> 
     </span>
     <span class='ocr_line' id='line_1_7' title="bbox 304 1369 1498 1452; baseline 0.005 -16"><span class='ocrx_word' id='word_1_51' title='bbox 304 1369 442 1438; x_wconf 87' lang='lat' dir='ltr'>cautelas</span> <span class='ocrx_word' id='word_1_52' title='bbox 456 1394 565 1437; x_wconf 90' lang='lat' dir='ltr'>omnes</span> <span class='ocrx_word' id='word_1_53' title='bbox 578 1372 790 1438; x_wconf 79' lang='lat' dir='ltr'>observaveris</span> <span class='ocrx_word' id='word_1_54' title='bbox 804 1384 837 1438; x_wconf 90' lang='lat' dir='ltr'>et</span> <span class='ocrx_word' id='word_1_55' title='bbox 851 1371 1041 1452; x_wconf 78' lang='lat' dir='ltr'>adhibueris,</span> <span class='ocrx_word' id='word_1_56' title='bbox 1056 1372 1130 1438; x_wconf 85' lang='lat' dir='ltr'>cbm</span> <span class='ocrx_word' id='word_1_57' title='bbox 1144 1373 1303 1439; x_wconf 87' lang='lat' dir='ltr'>securitati</span> <span class='ocrx_word' id='word_1_58' title='bbox 1321 1388 1354 1440; x_wconf 87' lang='lat' dir='ltr'>et</span> <span class='ocrx_word' id='word_1_59' title='bbox 1375 1374 1498 1442; x_wconf 87' lang='lat' dir='ltr'>indem-</span> 
     </span>
     <span class='ocr_line' id='line_1_8' title="bbox 304 1456 1499 1544; baseline 0.004 -21"><span class='ocrx_word' id='word_1_60' title='bbox 304 1456 395 1524; x_wconf 87' lang='lat' dir='ltr'>nitati</span> <span class='ocrx_word' id='word_1_61' title='bbox 411 1469 473 1524; x_wconf 77' lang='lat' dir='ltr'>mae</span> <span class='ocrx_word' id='word_1_62' title='bbox 487 1471 551 1524; x_wconf 88' lang='lat' dir='ltr'>tam</span> <span class='ocrx_word' id='word_1_63' title='bbox 566 1459 763 1524; x_wconf 74' lang='lat' dir='ltr'>sacramentis</span> <span class='ocrx_word' id='word_1_64' title='bbox 778 1460 873 1544; x_wconf 81' lang='lat' dir='ltr'>qubm</span> <span class='ocrx_word' id='word_1_65' title='bbox 895 1458 1063 1538; x_wconf 87' lang='lat' dir='ltr'>obsidibus,</span> <span class='ocrx_word' id='word_1_66' title='bbox 1085 1461 1180 1544; x_wconf 82' lang='lat' dir='ltr'>qubm</span> <span class='ocrx_word' id='word_1_67' title='bbox 1202 1459 1347 1527; x_wconf 76' lang='lat' dir='ltr'>amicitiis</span> <span class='ocrx_word' id='word_1_68' title='bbox 1366 1459 1499 1528; x_wconf 85' lang='lat' dir='ltr'>firmiter</span> 
     </span>
     <span class='ocr_line' id='line_1_9' title="bbox 303 1543 1498 1636; baseline 0.005 -27"><span class='ocrx_word' id='word_1_69' title='bbox 303 1543 402 1624; x_wconf 90' lang='lat' dir='ltr'>initis,</span> <span class='ocrx_word' id='word_1_70' title='bbox 428 1557 461 1610; x_wconf 88' lang='lat' dir='ltr'>et</span> <span class='ocrx_word' id='word_1_71' title='bbox 481 1543 641 1612; x_wconf 90' lang='lat' dir='ltr'>beneficiis</span> <span class='ocrx_word' id='word_1_72' title='bbox 654 1545 841 1611; x_wconf 74' lang='lat' dir='ltr'>multimode</span> <span class='ocrx_word' id='word_1_73' title='bbox 855 1545 984 1625; x_wconf 87' lang='lat' dir='ltr'>collatis,</span> <span class='ocrx_word' id='word_1_74' title='bbox 998 1543 1100 1611; x_wconf 90' lang='lat' dir='ltr'>modis</span> <span class='ocrx_word' id='word_1_75' title='bbox 1114 1547 1259 1614; x_wconf 89' lang='lat' dir='ltr'>omnibus</span> <span class='ocrx_word' id='word_1_76' title='bbox 1273 1547 1498 1636; x_wconf 83' lang='lat' dir='ltr'>invigilaveris,</span> 
     </span>
     <span class='ocr_line' id='line_1_10' title="bbox 305 1631 1498 1731; baseline 0.003 -34"><span class='ocrx_word' id='word_1_77' title='bbox 305 1645 381 1697; x_wconf 91' lang='lat' dir='ltr'>tunc</span> <span class='ocrx_word' id='word_1_78' title='bbox 395 1631 498 1731; x_wconf 79' lang='lat' dir='ltr'>primo</span> <span class='ocrx_word' id='word_1_79' title='bbox 515 1631 692 1698; x_wconf 89' lang='lat' dir='ltr'>timendum</span> <span class='ocrx_word' id='word_1_80' title='bbox 706 1631 836 1712; x_wconf 87' lang='lat' dir='ltr'>esttibi,</span> <span class='ocrx_word' id='word_1_81' title='bbox 852 1631 927 1718; x_wconf 89' lang='lat' dir='ltr'>quia</span> <span class='ocrx_word' id='word_1_82' title='bbox 948 1644 1025 1699; x_wconf 90' lang='lat' dir='ltr'>tunc</span> <span class='ocrx_word' id='word_1_83' title='bbox 1047 1633 1204 1721; x_wconf 70' lang='lat' dir='ltr'>praecipue</span> <span class='ocrx_word' id='word_1_84' title='bbox 1225 1633 1363 1722; x_wconf 90' lang='lat' dir='ltr'>ipsorum</span> <span class='ocrx_word' id='word_1_85' title='bbox 1385 1634 1498 1724; x_wconf 85' lang='lat' dir='ltr'>vigilat</span> 
     </span>
     <span class='ocr_line' id='line_1_11' title="bbox 304 1717 1499 1808; baseline 0.003 -24"><span class='ocrx_word' id='word_1_86' title='bbox 304 1717 436 1799; x_wconf 78' lang='lat' dir='ltr'>malina,</span> <span class='ocrx_word' id='word_1_87' title='bbox 461 1719 535 1786; x_wconf 78' lang='lat' dir='ltr'>clim</span> <span class='ocrx_word' id='word_1_88' title='bbox 560 1742 604 1784; x_wconf 83' lang='lat' dir='ltr'>ex</span> <span class='ocrx_word' id='word_1_89' title='bbox 628 1719 800 1786; x_wconf 81' lang='lat' dir='ltr'>securitatis</span> <span class='ocrx_word' id='word_1_90' title='bbox 824 1718 1023 1798; x_wconf 77' lang='lat' dir='ltr'>abundantia,</span> <span class='ocrx_word' id='word_1_91' title='bbox 1049 1733 1082 1785; x_wconf 90' lang='lat' dir='ltr'>te</span> <span class='ocrx_word' id='word_1_92' title='bbox 1105 1719 1164 1787; x_wconf 92' lang='lat' dir='ltr'>tibi</span> <span class='ocrx_word' id='word_1_93' title='bbox 1193 1720 1408 1808; x_wconf 83' lang='lat' dir='ltr'>praesenserint</span> <span class='ocrx_word' id='word_1_94' title='bbox 1434 1745 1499 1788; x_wconf 91' lang='lat' dir='ltr'>non</span> 
     </span>
     <span class='ocr_line' id='line_1_12' title="bbox 304 1804 1498 1957; baseline 0.003 -87"><span class='ocrx_word' id='word_1_95' title='bbox 304 1804 447 1957; x_wconf 60' lang='lat' dir='ltr'>vifi&#39;late.</span> <span class='ocrx_word' id='word_1_96' title='bbox 491 1805 577 1872; x_wconf 88' lang='lat' dir='ltr'>Tum</span> <span class='ocrx_word' id='word_1_97' title='bbox 592 1806 719 1872; x_wconf 88' lang='lat' dir='ltr'>demum</span> <span class='ocrx_word' id='word_1_98' title='bbox 733 1806 774 1872; x_wconf 89' lang='lat' dir='ltr'>ad</span> <span class='ocrx_word' id='word_1_99' title='bbox 788 1829 891 1873; x_wconf 88' lang='lat' dir='ltr'>arcem</span> <span class='ocrx_word' id='word_1_100' title='bbox 904 1805 1141 1893; x_wconf 64' lang='lat' dir='ltr'>aequitatum</span> <span class='ocrx_word' id='word_1_101' title='bbox 1152 1806 1193 1872; x_wconf 89' lang='lat' dir='ltr'>ad</span> <span class='ocrx_word' id='word_1_102' title='bbox 1207 1819 1355 1874; x_wconf 88' lang='lat' dir='ltr'>consueta</span> <span class='ocrx_word' id='word_1_103' title='bbox 1368 1807 1498 1875; x_wconf 78' lang='lat' dir='ltr'>fallacias</span> 
     </span>
     <span class='ocr_line' id='line_1_13' title="bbox 306 1891 1499 1982; baseline 0.003 -25"><span class='ocrx_word' id='word_1_104' title='bbox 306 1903 338 1958; x_wconf 88' lang='lat' dir='ltr'>te</span> <span class='ocrx_word' id='word_1_105' title='bbox 383 1891 579 1980; x_wconf 84' lang='lat' dir='ltr'>confugiunt,</span> <span class='ocrx_word' id='word_1_106' title='bbox 595 1904 632 1958; x_wconf 91' lang='lat' dir='ltr'>ut</span> <span class='ocrx_word' id='word_1_107' title='bbox 645 1898 770 1982; x_wconf 70' lang='lat' dir='ltr'>sumpta</span> <span class='ocrx_word' id='word_1_108' title='bbox 786 1892 960 1960; x_wconf 85' lang='lat' dir='ltr'>securitatis</span> <span class='ocrx_word' id='word_1_109' title='bbox 980 1893 1142 1960; x_wconf 85' lang='lat' dir='ltr'>occasione</span> <span class='ocrx_word' id='word_1_110' title='bbox 1163 1893 1276 1960; x_wconf 89' lang='lat' dir='ltr'>laedere</span> <span class='ocrx_word' id='word_1_111' title='bbox 1298 1894 1424 1961; x_wconf 85' lang='lat' dir='ltr'>valeant</span> <span class='ocrx_word' id='word_1_112' title='bbox 1445 1896 1499 1962; x_wconf 91' lang='lat' dir='ltr'>vel</span> 
     </span>
     <span class='ocr_line' id='line_1_14' title="bbox 304 1977 1498 2068; baseline 0.003 -24"><span class='ocrx_word' id='word_1_113' title='bbox 304 1977 537 2066; x_wconf 80' lang='lat' dir='ltr'>improvisum.”</span> <span class='ocrx_word' id='word_1_114' title='bbox 580 1980 625 2046; x_wconf 84' lang='lat' dir='ltr'>Et</span> <span class='ocrx_word' id='word_1_115' title='bbox 638 2004 705 2068; x_wconf 86' lang='lat' dir='ltr'>cap.</span> <span class='ocrx_word' id='word_1_116' title='bbox 721 1983 774 2060; x_wconf 80' lang='lat'>21,</span> <span class='ocrx_word' id='word_1_117' title='bbox 797 1988 816 2020; x_wconf 77' lang='lat'>‘⁴</span> <span class='ocrx_word' id='word_1_118' title='bbox 830 1980 882 2045; x_wconf 90' lang='lat' dir='ltr'>De</span> <span class='ocrx_word' id='word_1_119' title='bbox 897 1978 1025 2066; x_wconf 67' lang='lat' dir='ltr'>antique</span> <span class='ocrx_word' id='word_1_120' title='bbox 1039 1982 1125 2059; x_wconf 87' lang='lat' dir='ltr'>verb,</span> <span class='ocrx_word' id='word_1_121' title='bbox 1140 1978 1205 2044; x_wconf 89' lang='lat' dir='ltr'>imb</span> <span class='ocrx_word' id='word_1_122' title='bbox 1216 1980 1325 2067; x_wconf 63' lang='lat' dir='ltr'>iniqui</span> <span class='ocrx_word' id='word_1_123' title='bbox 1335 1993 1498 2048; x_wconf 86' lang='lat' dir='ltr'>consuetu·</span> 
     </span>
     <span class='ocr_line' id='line_1_15' title="bbox 306 2064 1497 2155; baseline 0.004 -25"><span class='ocrx_word' id='word_1_124' title='bbox 306 2064 390 2143; x_wconf 89' lang='lat' dir='ltr'>dine,</span> <span class='ocrx_word' id='word_1_125' title='bbox 405 2088 528 2154; x_wconf 89' lang='lat' dir='ltr'>semper</span> <span class='ocrx_word' id='word_1_126' title='bbox 540 2066 575 2131; x_wconf 92' lang='lat' dir='ltr'>in</span> <span class='ocrx_word' id='word_1_127' title='bbox 588 2089 695 2145; x_wconf 88' lang='lat' dir='ltr'>manu,</span> <span class='ocrx_word' id='word_1_128' title='bbox 711 2065 798 2153; x_wconf 91' lang='lat' dir='ltr'>quasi</span> <span class='ocrx_word' id='word_1_129' title='bbox 812 2089 869 2155; x_wconf 92' lang='lat' dir='ltr'>pro</span> <span class='ocrx_word' id='word_1_130' title='bbox 882 2066 1005 2146; x_wconf 89' lang='lat' dir='ltr'>baculo,</span> <span class='ocrx_word' id='word_1_131' title='bbox 1023 2067 1156 2133; x_wconf 89' lang='lat' dir='ltr'>securim</span> <span class='ocrx_word' id='word_1_132' title='bbox 1170 2067 1323 2154; x_wconf 86' lang='lat' dir='ltr'>bajulant,</span> <span class='ocrx_word' id='word_1_133' title='bbox 1335 2079 1371 2134; x_wconf 94' lang='lat' dir='ltr'>ut</span> <span class='ocrx_word' id='word_1_134' title='bbox 1381 2068 1497 2155; x_wconf 92' lang='lat' dir='ltr'>iniqui·</span> 
     </span>
     <span class='ocr_line' id='line_1_16' title="bbox 304 2150 1498 2242; baseline 0.003 -24"><span class='ocrx_word' id='word_1_135' title='bbox 304 2150 377 2218; x_wconf 89' lang='lat' dir='ltr'>tatis</span> <span class='ocrx_word' id='word_1_136' title='bbox 391 2151 538 2218; x_wconf 86' lang='lat' dir='ltr'>affectum</span> <span class='ocrx_word' id='word_1_137' title='bbox 552 2153 674 2220; x_wconf 73' lang='lat' dir='ltr'>facilius</span> <span class='ocrx_word' id='word_1_138' title='bbox 688 2153 860 2242; x_wconf 83' lang='lat' dir='ltr'>perducant</span> <span class='ocrx_word' id='word_1_139' title='bbox 874 2153 915 2219; x_wconf 91' lang='lat' dir='ltr'>ad</span> <span class='ocrx_word' id='word_1_140' title='bbox 929 2153 1092 2232; x_wconf 72' lang='lat' dir='ltr'>effectum</span> <span class='ocrx_word' id='word_1_141' title='bbox 1107 2177 1306 2241; x_wconf 90' lang='lat' dir='ltr'>quocumque</span> <span class='ocrx_word' id='word_1_142' title='bbox 1320 2179 1352 2221; x_wconf 91' lang='lat' dir='ltr'>se</span> <span class='ocrx_word' id='word_1_143' title='bbox 1373 2169 1498 2222; x_wconf 86' lang='lat' dir='ltr'>vertant</span> 
     </span>
     <span class='ocr_line' id='line_1_17' title="bbox 305 2238 1496 2342; baseline 0.003 -37"><span class='ocrx_word' id='word_1_144' title='bbox 305 2238 386 2305; x_wconf 88' lang='lat' dir='ltr'>hanc</span> <span class='ocrx_word' id='word_1_145' title='bbox 407 2251 614 2328; x_wconf 80' lang='lat' dir='ltr'>prevectant3</span> <span class='ocrx_word' id='word_1_146' title='bbox 637 2240 703 2306; x_wconf 75' lang='lat' dir='ltr'>viat</span> <span class='ocrx_word' id='word_1_147' title='bbox 727 2240 825 2342; x_wconf 85' lang='lat' dir='ltr'>igitur</span> <span class='ocrx_word' id='word_1_148' title='bbox 848 2239 1090 2329; x_wconf 84' lang='lat' dir='ltr'>opportunitate,</span> <span class='ocrx_word' id='word_1_149' title='bbox 1117 2253 1149 2307; x_wconf 91' lang='lat' dir='ltr'>et</span> <span class='ocrx_word' id='word_1_150' title='bbox 1174 2241 1336 2308; x_wconf 87' lang='lat' dir='ltr'>occasione</span> <span class='ocrx_word' id='word_1_151' title='bbox 1361 2247 1496 2331; x_wconf 71' lang='lat' dir='ltr'>captate,</span> 
     </span>
     <span class='ocr_line' id='line_1_18' title="bbox 304 2327 1497 2416; baseline 0.005 -26"><span class='ocrx_word' id='word_1_152' title='bbox 304 2348 368 2391; x_wconf 93' lang='lat' dir='ltr'>non</span> <span class='ocrx_word' id='word_1_153' title='bbox 382 2327 460 2405; x_wconf 85' lang='lat' dir='ltr'>haec,</span> <span class='ocrx_word' id='word_1_154' title='bbox 475 2338 513 2394; x_wconf 88' lang='lat' dir='ltr'>ut</span> <span class='ocrx_word' id='word_1_155' title='bbox 526 2327 649 2416; x_wconf 86' lang='lat' dir='ltr'>gladius</span> <span class='ocrx_word' id='word_1_156' title='bbox 663 2337 858 2416; x_wconf 85' lang='lat' dir='ltr'>evaginatur,</span> <span class='ocrx_word' id='word_1_157' title='bbox 872 2350 937 2393; x_wconf 89' lang='lat' dir='ltr'>non</span> <span class='ocrx_word' id='word_1_158' title='bbox 950 2337 987 2394; x_wconf 92' lang='lat' dir='ltr'>ut</span> <span class='ocrx_word' id='word_1_159' title='bbox 1001 2350 1089 2394; x_wconf 83' lang='lat' dir='ltr'>arcus</span> <span class='ocrx_word' id='word_1_160' title='bbox 1102 2327 1252 2408; x_wconf 86' lang='lat' dir='ltr'>tenditur,</span> <span class='ocrx_word' id='word_1_161' title='bbox 1260 2352 1325 2394; x_wconf 91' lang='lat' dir='ltr'>non</span> <span class='ocrx_word' id='word_1_162' title='bbox 1337 2340 1375 2395; x_wconf 90' lang='lat' dir='ltr'>ut</span> <span class='ocrx_word' id='word_1_163' title='bbox 1388 2328 1497 2396; x_wconf 83' lang='lat' dir='ltr'>lancea</span> 
     </span>
     <span class='ocr_line' id='line_1_19' title="bbox 304 2413 1496 2502; baseline 0.005 -24"><span class='ocrx_word' id='word_1_164' title='bbox 304 2413 518 2500; x_wconf 80' lang='lat' dir='ltr'>protenditur3</span> <span class='ocrx_word' id='word_1_165' title='bbox 551 2413 629 2482; x_wconf 86' lang='lat' dir='ltr'>citra</span> <span class='ocrx_word' id='word_1_166' title='bbox 652 2437 776 2480; x_wconf 88' lang='lat' dir='ltr'>omnem</span> <span class='ocrx_word' id='word_1_167' title='bbox 805 2413 1062 2502; x_wconf 76' lang='lat' dir='ltr'>preparationem</span> <span class='ocrx_word' id='word_1_168' title='bbox 1090 2437 1202 2502; x_wconf 87' lang='lat' dir='ltr'>parum</span> <span class='ocrx_word' id='word_1_169' title='bbox 1230 2414 1363 2486; x_wconf 58' lang='lat' dir='ltr'>elevata,</span> <span class='ocrx_word' id='word_1_170' title='bbox 1380 2415 1496 2484; x_wconf 84' lang='lat' dir='ltr'>lethale</span> 
     </span>
     <span class='ocr_line' id='line_1_20' title="bbox 305 2499 1496 2590; baseline 0.002 -25"><span class='ocrx_word' id='word_1_171' title='bbox 305 2499 420 2565; x_wconf 89' lang='lat' dir='ltr'>vulnus</span> <span class='ocrx_word' id='word_1_172' title='bbox 432 2499 561 2588; x_wconf 88' lang='lat' dir='ltr'>infligit.</span> <span class='ocrx_word' id='word_1_173' title='bbox 612 2500 669 2566; x_wconf 89' lang='lat' dir='ltr'>Ad</span> <span class='ocrx_word' id='word_1_174' title='bbox 694 2525 823 2568; x_wconf 86' lang='lat' dir='ltr'>manum</span> <span class='ocrx_word' id='word_1_175' title='bbox 847 2500 955 2590; x_wconf 89' lang='lat' dir='ltr'>igitur,</span> <span class='ocrx_word' id='word_1_176' title='bbox 980 2500 1046 2567; x_wconf 82' lang='lat' dir='ltr'>imo</span> <span class='ocrx_word' id='word_1_177' title='bbox 1070 2500 1107 2566; x_wconf 90' lang='lat' dir='ltr'>in</span> <span class='ocrx_word' id='word_1_178' title='bbox 1131 2523 1227 2566; x_wconf 89' lang='lat' dir='ltr'>manu</span> <span class='ocrx_word' id='word_1_179' title='bbox 1250 2524 1381 2590; x_wconf 88' lang='lat' dir='ltr'>semper,</span> <span class='ocrx_word' id='word_1_180' title='bbox 1405 2503 1496 2569; x_wconf 90' lang='lat' dir='ltr'>etin</span> 
     </span>
     <span class='ocr_line' id='line_1_21' title="bbox 306 2586 1496 2687; baseline 0.003 -36"><span class='ocrx_word' id='word_1_181' title='bbox 306 2599 454 2687; x_wconf 91' lang='lat' dir='ltr'>promptu</span> <span class='ocrx_word' id='word_1_182' title='bbox 479 2601 534 2666; x_wconf 82' lang='lat' dir='ltr'>est,</span> <span class='ocrx_word' id='word_1_183' title='bbox 560 2588 645 2674; x_wconf 92' lang='lat' dir='ltr'>quod</span> <span class='ocrx_word' id='word_1_184' title='bbox 670 2588 711 2654; x_wconf 89' lang='lat' dir='ltr'>ad</span> <span class='ocrx_word' id='word_1_185' title='bbox 735 2599 868 2654; x_wconf 83' lang='lat' dir='ltr'>mortem</span> <span class='ocrx_word' id='word_1_186' title='bbox 893 2600 941 2654; x_wconf 89' lang='lat' dir='ltr'>sat</span> <span class='ocrx_word' id='word_1_187' title='bbox 965 2597 1021 2654; x_wconf 76' lang='lat' dir='ltr'>est</span> <span class='ocrx_word' id='word_1_188' title='bbox 1064 2586 1099 2653; x_wconf 89' lang='lat' dir='ltr'>A</span> <span class='ocrx_word' id='word_1_189' title='bbox 1116 2587 1284 2668; x_wconf 87' lang='lat' dir='ltr'>securibus,</span> <span class='ocrx_word' id='word_1_190' title='bbox 1300 2612 1386 2677; x_wconf 89' lang='lat' dir='ltr'>ergo,</span> <span class='ocrx_word' id='word_1_191' title='bbox 1407 2589 1496 2655; x_wconf 90' lang='lat' dir='ltr'>nulla</span> 
     </span>
     <span class='ocr_line' id='line_1_22' title="bbox 305 2673 1497 2763; baseline 0.001 -24"><span class='ocrx_word' id='word_1_192' title='bbox 305 2685 469 2754; x_wconf 79' lang='lat' dir='ltr'>secuntas3</span> <span class='ocrx_word' id='word_1_193' title='bbox 484 2675 510 2740; x_wconf 88' lang='lat' dir='ltr'>si</span> <span class='ocrx_word' id='word_1_194' title='bbox 524 2697 667 2741; x_wconf 90' lang='lat' dir='ltr'>securum</span> <span class='ocrx_word' id='word_1_195' title='bbox 679 2687 712 2741; x_wconf 89' lang='lat' dir='ltr'>te</span> <span class='ocrx_word' id='word_1_196' title='bbox 722 2687 858 2763; x_wconf 88' lang='lat' dir='ltr'>reputas,</span> <span class='ocrx_word' id='word_1_197' title='bbox 873 2673 1006 2740; x_wconf 85' lang='lat' dir='ltr'>securim</span> <span class='ocrx_word' id='word_1_198' title='bbox 1020 2673 1141 2740; x_wconf 85' lang='lat' dir='ltr'>senties.</span> <span class='ocrx_word' id='word_1_199' title='bbox 1187 2673 1236 2740; x_wconf 88' lang='lat' dir='ltr'>Te</span> <span class='ocrx_word' id='word_1_200' title='bbox 1247 2687 1357 2762; x_wconf 90' lang='lat' dir='ltr'>sponte</span> <span class='ocrx_word' id='word_1_201' title='bbox 1371 2674 1406 2741; x_wconf 95' lang='lat' dir='ltr'>in</span> <span class='ocrx_word' id='word_1_202' title='bbox 1456 2675 1497 2740; x_wconf 91' lang='lat' dir='ltr'>ri-</span> 
     </span>
     <span class='ocr_line' id='line_1_23' title="bbox 306 2759 1494 2841; baseline 0.003 -17"><span class='ocrx_word' id='word_1_203' title='bbox 306 2760 412 2826; x_wconf 92' lang='lat' dir='ltr'>culum</span> <span class='ocrx_word' id='word_1_204' title='bbox 438 2760 547 2840; x_wconf 87' lang='lat' dir='ltr'>mittis,</span> <span class='ocrx_word' id='word_1_205' title='bbox 576 2761 762 2828; x_wconf 82' lang='lat' dir='ltr'>sisecmim</span> <span class='ocrx_word' id='word_1_206' title='bbox 788 2761 937 2841; x_wconf 88' lang='lat' dir='ltr'>admittis,</span> <span class='ocrx_word' id='word_1_207' title='bbox 963 2773 995 2826; x_wconf 91' lang='lat' dir='ltr'>et</span> <span class='ocrx_word' id='word_1_208' title='bbox 1019 2759 1217 2827; x_wconf 87' lang='lat' dir='ltr'>securitatem</span> <span class='ocrx_word' id='word_1_209' title='bbox 1241 2760 1366 2827; x_wconf 88' lang='lat' dir='ltr'>amittis.</span> <span class='ocrx_word' id='word_1_210' title='bbox 1440 2763 1494 2827; x_wconf 80' lang='lat' dir='ltr'>iun</span> 
     </span>
     <span class='ocr_line' id='line_1_24' title="bbox 304 2845 1496 2927; baseline 0.002 -17"><span class='ocrx_word' id='word_1_211' title='bbox 304 2845 316 2910; x_wconf 94' lang='lat' dir='ltr'>i</span> <span class='ocrx_word' id='word_1_212' title='bbox 340 2845 403 2912; x_wconf 86' lang='lat' dir='ltr'>&#39;tur</span> <span class='ocrx_word' id='word_1_213' title='bbox 416 2846 601 2914; x_wconf 85' lang='lat' dir='ltr'>exercendae</span> <span class='ocrx_word' id='word_1_214' title='bbox 614 2848 743 2913; x_wconf 76' lang='lat' dir='ltr'>malitia</span> <span class='ocrx_word' id='word_1_215' title='bbox 764 2847 870 2914; x_wconf 89' lang='lat' dir='ltr'>locum</span> <span class='ocrx_word' id='word_1_216' title='bbox 892 2847 1078 2927; x_wconf 87' lang='lat' dir='ltr'>adviderint,</span> <span class='ocrx_word' id='word_1_217' title='bbox 1100 2846 1232 2926; x_wconf 88' lang='lat' dir='ltr'>utinam,</span> <span class='ocrx_word' id='word_1_218' title='bbox 1255 2847 1307 2914; x_wconf 91' lang='lat' dir='ltr'>vel</span> <span class='ocrx_word' id='word_1_219' title='bbox 1328 2870 1393 2914; x_wconf 92' lang='lat' dir='ltr'>non</span> <span class='ocrx_word' id='word_1_220' title='bbox 1414 2847 1496 2914; x_wconf 90' lang='lat' dir='ltr'>invi-</span> 
     </span>
     <span class='ocr_line' id='line_1_25' title="bbox 305 2871 1495 3024; baseline 0.001 -26"><span class='ocrx_word' id='word_1_221' title='bbox 305 2871 420 3013; x_wconf 57' lang='lat' dir='ltr'>diirint,</span> <span class='ocrx_word' id='word_1_222' title='bbox 435 2935 488 3000; x_wconf 94' lang='lat' dir='ltr'>vel</span> <span class='ocrx_word' id='word_1_223' title='bbox 509 2935 613 3024; x_wconf 84' lang='lat' dir='ltr'>potibs</span> <span class='ocrx_word' id='word_1_224' title='bbox 633 2935 716 3001; x_wconf 89' lang='lat' dir='ltr'>nihil</span> <span class='ocrx_word' id='word_1_225' title='bbox 737 2934 874 3000; x_wconf 88' lang='lat' dir='ltr'>viderint</span> <span class='ocrx_word' id='word_1_226' title='bbox 882 2934 908 3014; x_wconf 80' lang='lat'>;†</span> <span class='ocrx_word' id='word_1_227' title='bbox 930 2946 978 3000; x_wconf 87' lang='lat' dir='ltr'>est</span> <span class='ocrx_word' id='word_1_228' title='bbox 997 2933 1083 3000; x_wconf 90' lang='lat' dir='ltr'>enim</span> <span class='ocrx_word' id='word_1_229' title='bbox 1104 2956 1182 3022; x_wconf 89' lang='lat' dir='ltr'>gens</span> <span class='ocrx_word' id='word_1_230' title='bbox 1203 2934 1282 3014; x_wconf 85' lang='lat' dir='ltr'>haec,</span> <span class='ocrx_word' id='word_1_231' title='bbox 1297 2957 1375 3022; x_wconf 86' lang='lat' dir='ltr'>gens</span> <span class='ocrx_word' id='word_1_232' title='bbox 1387 2934 1495 3000; x_wconf 91' lang='lat' dir='ltr'>incon·</span> 
     </span>
     <span class='ocr_line' id='line_1_26' title="bbox 305 3020 1494 3109; baseline 0.001 -23"><span class='ocrx_word' id='word_1_233' title='bbox 305 3035 395 3099; x_wconf 85' lang='lat' dir='ltr'>stans,</span> <span class='ocrx_word' id='word_1_234' title='bbox 411 3045 489 3109; x_wconf 88' lang='lat' dir='ltr'>gens</span> <span class='ocrx_word' id='word_1_235' title='bbox 503 3022 598 3100; x_wconf 86' lang='lat' dir='ltr'>varia,</span> <span class='ocrx_word' id='word_1_236' title='bbox 636 3045 691 3088; x_wconf 88' lang='lat' dir='ltr'>ens</span> <span class='ocrx_word' id='word_1_237' title='bbox 704 3021 786 3088; x_wconf 89' lang='lat' dir='ltr'>versi</span> <span class='ocrx_word' id='word_1_238' title='bbox 809 3021 877 3087; x_wconf 87' lang='lat' dir='ltr'>allis</span> <span class='ocrx_word' id='word_1_239' title='bbox 890 3032 924 3086; x_wconf 91' lang='lat' dir='ltr'>et</span> <span class='ocrx_word' id='word_1_240' title='bbox 937 3031 1071 3100; x_wconf 87' lang='lat' dir='ltr'>versuta,</span> <span class='ocrx_word' id='word_1_241' title='bbox 1080 3043 1157 3108; x_wconf 88' lang='lat' dir='ltr'>gens</span> <span class='ocrx_word' id='word_1_242' title='bbox 1165 3020 1230 3086; x_wconf 74' lang='lat' dir='ltr'>solt</span> <span class='ocrx_word' id='word_1_243' title='bbox 1244 3020 1278 3086; x_wconf 92' lang='lat' dir='ltr'>in</span> <span class='ocrx_word' id='word_1_244' title='bbox 1292 3020 1494 3088; x_wconf 83' lang='lat' dir='ltr'>instabilitate</span> 
     </span>
     <span class='ocr_line' id='line_1_27' title="bbox 305 3106 1494 3208; baseline 0.001 -36"><span class='ocrx_word' id='word_1_245' title='bbox 305 3107 434 3188; x_wconf 88' lang='lat' dir='ltr'>stabilis,</span> <span class='ocrx_word' id='word_1_246' title='bbox 449 3109 514 3175; x_wconf 77' lang='lat' dir='ltr'>solt</span> <span class='ocrx_word' id='word_1_247' title='bbox 527 3107 624 3174; x_wconf 88' lang='lat' dir='ltr'>infide</span> <span class='ocrx_word' id='word_1_248' title='bbox 638 3109 711 3175; x_wconf 89' lang='lat' dir='ltr'>&#39;tate</span> <span class='ocrx_word' id='word_1_249' title='bbox 732 3107 817 3174; x_wconf 81' lang='lat' dir='ltr'>fide·</span> <span class='ocrx_word' id='word_1_250' title='bbox 841 3133 850 3187; x_wconf 79' lang='lat'>3</span> <span class='ocrx_word' id='word_1_251' title='bbox 872 3108 933 3174; x_wconf 93' lang='lat' dir='ltr'>hoc</span> <span class='ocrx_word' id='word_1_252' title='bbox 954 3106 1080 3172; x_wconf 89' lang='lat' dir='ltr'>firmum</span> <span class='ocrx_word' id='word_1_253' title='bbox 1094 3129 1219 3173; x_wconf 86' lang='lat' dir='ltr'>servans</span> <span class='ocrx_word' id='word_1_254' title='bbox 1234 3108 1320 3208; x_wconf 92' lang='lat' dir='ltr'>quod</span> <span class='ocrx_word' id='word_1_255' title='bbox 1333 3131 1494 3194; x_wconf 90' lang='lat' dir='ltr'>nunquam</span> 
     </span>
     <span class='ocr_line' id='line_1_28' title="bbox 305 3193 1493 3295; baseline 0 -36"><span class='ocrx_word' id='word_1_256' title='bbox 305 3193 411 3273; x_wconf 82' lang='lat' dir='ltr'>firma3</span> <span class='ocrx_word' id='word_1_257' title='bbox 426 3193 604 3274; x_wconf 90' lang='lat' dir='ltr'>fidelis,hoc</span> <span class='ocrx_word' id='word_1_258' title='bbox 615 3196 716 3262; x_wconf 73' lang='lat' dir='ltr'>solium</span> <span class='ocrx_word' id='word_1_259' title='bbox 726 3195 863 3260; x_wconf 87' lang='lat' dir='ltr'>retinens</span> <span class='ocrx_word' id='word_1_260' title='bbox 874 3193 960 3281; x_wconf 86' lang='lat' dir='ltr'>qubd</span> <span class='ocrx_word' id='word_1_261' title='bbox 968 3195 1086 3260; x_wconf 88' lang='lat' dir='ltr'>nesciat</span> <span class='ocrx_word' id='word_1_262' title='bbox 1096 3216 1160 3260; x_wconf 92' lang='lat' dir='ltr'>esse</span> <span class='ocrx_word' id='word_1_263' title='bbox 1171 3193 1493 3295; x_wconf 58' lang='lat' dir='ltr'>fideliaqeloqucnter,</span> 
     </span>
     <span class='ocr_line' id='line_1_29' title="bbox 306 3280 1495 3371; baseline 0.002 -25"><span class='ocrx_word' id='word_1_264' title='bbox 306 3303 324 3346; x_wconf 91' lang='lat' dir='ltr'>e</span> <span class='ocrx_word' id='word_1_265' title='bbox 378 3280 951 3371; x_wconf 76' lang='lat' dir='ltr'>gib,eruditb,argutb,mi0amber)l</span> <span class='ocrx_word' id='word_1_266' title='bbox 967 3281 1036 3347; x_wconf 89' lang='lat' dir='ltr'>esti</span> <span class='ocrx_word' id='word_1_267' title='bbox 1060 3281 1122 3346; x_wconf 90' lang='lat' dir='ltr'>&#39;tur</span> <span class='ocrx_word' id='word_1_268' title='bbox 1132 3280 1226 3368; x_wconf 77' lang='lat' dir='ltr'>longe</span> <span class='ocrx_word' id='word_1_269' title='bbox 1236 3281 1345 3348; x_wconf 83' lang='lat' dir='ltr'>fortrbs</span> <span class='ocrx_word' id='word_1_270' title='bbox 1355 3282 1495 3348; x_wconf 80' lang='lat' dir='ltr'>timenda</span> 
     </span>
     <span class='ocr_line' id='line_1_30' title="bbox 304 3303 1494 3458; baseline 0.003 -27"><span class='ocrx_word' id='word_1_271' title='bbox 304 3303 431 3435; x_wconf 55' lang='lat' dir='ltr'>itidem</span> <span class='ocrx_word' id='word_1_272' title='bbox 446 3392 494 3436; x_wconf 92' lang='lat' dir='ltr'>ars</span> <span class='ocrx_word' id='word_1_273' title='bbox 509 3370 603 3456; x_wconf 73' lang='lat' dir='ltr'>quarn</span> <span class='ocrx_word' id='word_1_274' title='bbox 618 3392 709 3449; x_wconf 89' lang='lat' dir='ltr'>mars,</span> <span class='ocrx_word' id='word_1_275' title='bbox 723 3391 832 3436; x_wconf 90' lang='lat' dir='ltr'>eorum</span> <span class='ocrx_word' id='word_1_276' title='bbox 846 3391 912 3458; x_wconf 84' lang='lat' dir='ltr'>pax</span> <span class='ocrx_word' id='word_1_277' title='bbox 927 3368 1021 3454; x_wconf 80' lang='lat' dir='ltr'>qubm</span> <span class='ocrx_word' id='word_1_278' title='bbox 1048 3391 1101 3448; x_wconf 85' lang='lat' dir='ltr'>ax,</span> <span class='ocrx_word' id='word_1_279' title='bbox 1123 3389 1233 3434; x_wconf 87' lang='lat' dir='ltr'>eorum</span> <span class='ocrx_word' id='word_1_280' title='bbox 1253 3368 1317 3434; x_wconf 90' lang='lat' dir='ltr'>mel</span> <span class='ocrx_word' id='word_1_281' title='bbox 1331 3369 1426 3455; x_wconf 81' lang='lat' dir='ltr'>qulam</span> <span class='ocrx_word' id='word_1_282' title='bbox 1440 3368 1494 3447; x_wconf 84' lang='lat' dir='ltr'>fel,</span> 
     </span>
     <span class='ocr_line' id='line_1_31' title="bbox 304 3454 1495 3554; baseline 0.003 -36"><span class='ocrx_word' id='word_1_283' title='bbox 304 3454 425 3521; x_wconf 89' lang='lat' dir='ltr'>malitia</span> <span class='ocrx_word' id='word_1_284' title='bbox 453 3457 548 3543; x_wconf 78' lang='lat' dir='ltr'>quiam</span> <span class='ocrx_word' id='word_1_285' title='bbox 576 3456 700 3537; x_wconf 88' lang='lat' dir='ltr'>militia,</span> <span class='ocrx_word' id='word_1_286' title='bbox 729 3455 865 3544; x_wconf 89' lang='lat' dir='ltr'>proditio</span> <span class='ocrx_word' id='word_1_287' title='bbox 895 3455 991 3542; x_wconf 79' lang='lat' dir='ltr'>qubm</span> <span class='ocrx_word' id='word_1_288' title='bbox 1020 3454 1194 3554; x_wconf 85' lang='lat' dir='ltr'>expeditio,</span> <span class='ocrx_word' id='word_1_289' title='bbox 1225 3454 1363 3522; x_wconf 86' lang='lat' dir='ltr'>amicitia</span> <span class='ocrx_word' id='word_1_290' title='bbox 1382 3454 1495 3543; x_wconf 82' lang='lat' dir='ltr'>praelu·</span> 
     </span>
     <span class='ocr_line' id='line_1_32' title="bbox 269 3541 1493 3632; baseline 0.001 -25"><span class='ocrx_word' id='word_1_291' title='bbox 269 3613 273 3621; x_wconf 46' lang='grc'><strong>,</strong></span> <span class='ocrx_word' id='word_1_292' title='bbox 304 3553 374 3607; x_wconf 87' lang='lat' dir='ltr'>csta</span> <span class='ocrx_word' id='word_1_293' title='bbox 397 3543 493 3628; x_wconf 79' lang='lat' dir='ltr'>qubm</span> <span class='ocrx_word' id='word_1_294' title='bbox 517 3542 684 3609; x_wconf 88' lang='lat' dir='ltr'>inimicitia</span> <span class='ocrx_word' id='word_1_295' title='bbox 708 3542 874 3632; x_wconf 81' lang='lat' dir='ltr'>despicate.</span> <span class='ocrx_word' id='word_1_296' title='bbox 918 3541 998 3608; x_wconf 82' lang='lat' dir='ltr'>Haec</span> <span class='ocrx_word' id='word_1_297' title='bbox 1021 3563 1107 3608; x_wconf 91' lang='lat' dir='ltr'>emm</span> <span class='ocrx_word' id='word_1_298' title='bbox 1132 3553 1180 3608; x_wconf 86' lang='lat' dir='ltr'>est</span> <span class='ocrx_word' id='word_1_299' title='bbox 1200 3563 1308 3608; x_wconf 87' lang='lat' dir='ltr'>eorum</span> <span class='ocrx_word' id='word_1_300' title='bbox 1330 3541 1493 3622; x_wconf 89' lang='lat' dir='ltr'>sententia,</span> 
     </span>
     <span class='ocr_line' id='line_1_33' title="bbox 304 3627 1494 3730; baseline 0 -37"><span class='ocrx_word' id='word_1_301' title='bbox 304 3627 806 3717; x_wconf 84' lang='lat' dir='ltr'>“dolusanvirtusquisinhoste</span> <span class='ocrx_word' id='word_1_302' title='bbox 816 3627 1307 3730; x_wconf 85' lang='lat' dir='ltr'>requirat,”Macte,0magister</span> <span class='ocrx_word' id='word_1_303' title='bbox 1317 3628 1494 3717; x_wconf 86' lang='lat' dir='ltr'>Sylvesterl</span> 
     </span>
     <span class='ocr_line' id='line_1_34' title="bbox 303 3713 1495 3806; baseline 0.002 -26"><span class='ocrx_word' id='word_1_304' title='bbox 303 3716 424 3782; x_wconf 86' lang='lat' dir='ltr'>macte!</span> <span class='ocrx_word' id='word_1_305' title='bbox 445 3715 559 3797; x_wconf 87' lang='lat' dir='ltr'>vicisti,</span> <span class='ocrx_word' id='word_1_306' title='bbox 573 3729 606 3784; x_wconf 84' lang='lat' dir='ltr'>te</span> <span class='ocrx_word' id='word_1_307' title='bbox 619 3718 687 3806; x_wconf 90' lang='lat' dir='ltr'>ipse</span> <span class='ocrx_word' id='word_1_308' title='bbox 700 3718 852 3805; x_wconf 64' lang='lat' dir='ltr'>superasti</span> <span class='ocrx_word' id='word_1_309' title='bbox 865 3739 900 3782; x_wconf 89' lang='lat' dir='ltr'>m</span> <span class='ocrx_word' id='word_1_310' title='bbox 915 3714 1055 3782; x_wconf 87' lang='lat' dir='ltr'>dicendis</span> <span class='ocrx_word' id='word_1_311' title='bbox 1077 3714 1200 3792; x_wconf 89' lang='lat' dir='ltr'>auditis,</span> <span class='ocrx_word' id='word_1_312' title='bbox 1221 3713 1367 3803; x_wconf 85' lang='lat' dir='ltr'>argutiis;</span> <span class='ocrx_word' id='word_1_313' title='bbox 1393 3719 1495 3782; x_wconf 76' lang='lat' dir='ltr'>sarua</span> 
     </span>
     <span class='ocr_line' id='line_1_35' title="bbox 303 3799 1494 3892; baseline 0.002 -26"><span class='ocrx_word' id='word_1_314' title='bbox 303 3813 335 3867; x_wconf 85' lang='lat' dir='ltr'>te</span> <span class='ocrx_word' id='word_1_315' title='bbox 361 3799 504 3891; x_wconf 88' lang='lat' dir='ltr'>dignum,</span> <span class='ocrx_word' id='word_1_316' title='bbox 528 3816 653 3871; x_wconf 86' lang='lat' dir='ltr'>senatus</span> <span class='ocrx_word' id='word_1_317' title='bbox 699 3803 867 3882; x_wconf 87' lang='lat' dir='ltr'>ronuntiat,</span> <span class='ocrx_word' id='word_1_318' title='bbox 891 3803 946 3868; x_wconf 91' lang='lat' dir='ltr'>sed</span> <span class='ocrx_word' id='word_1_319' title='bbox 967 3801 1124 3892; x_wconf 75' lang='lat' dir='ltr'>plumbet.</span> <span class='ocrx_word' id='word_1_320' title='bbox 1168 3801 1214 3867; x_wconf 88' lang='lat' dir='ltr'>Et</span> <span class='ocrx_word' id='word_1_321' title='bbox 1240 3825 1309 3891; x_wconf 91' lang='lat' dir='ltr'>cap.</span> <span class='ocrx_word' id='word_1_322' title='bbox 1341 3803 1383 3867; x_wconf 76' lang='lat'>22</span> <span class='ocrx_word' id='word_1_323' title='bbox 1408 3802 1494 3868; x_wconf 88' lang='lat' dir='ltr'>hunc</span> 
     </span>
     <span class='ocr_line' id='line_1_36' title="bbox 304 3827 1495 3980; baseline 0.002 -28"><span class='ocrx_word' id='word_1_324' title='bbox 304 3890 456 3976; x_wconf 88' lang='lat' dir='ltr'>appendit</span> <span class='ocrx_word' id='word_1_325' title='bbox 468 3890 614 3957; x_wconf 87' lang='lat' dir='ltr'>tituluml</span> <span class='ocrx_word' id='word_1_326' title='bbox 637 3900 657 3931; x_wconf 87' lang='lat'>“</span> <span class='ocrx_word' id='word_1_327' title='bbox 670 3827 710 3958; x_wconf 77' lang='lat' dir='ltr'>de</span> <span class='ocrx_word' id='word_1_328' title='bbox 732 3889 924 3980; x_wconf 85' lang='lat' dir='ltr'>argumentis</span> <span class='ocrx_word' id='word_1_329' title='bbox 943 3887 1091 3976; x_wconf 77' lang='lat' dir='ltr'>nequitia</span> <span class='ocrx_word' id='word_1_330' title='bbox 1106 3899 1139 3954; x_wconf 91' lang='lat' dir='ltr'>et</span> <span class='ocrx_word' id='word_1_331' title='bbox 1151 3911 1234 3960; x_wconf 83' lang='lat' dir='ltr'>novo</span> <span class='ocrx_word' id='word_1_332' title='bbox 1249 3887 1495 3977; x_wconf 87' lang='lat' dir='ltr'>desponsationis</span> 
     </span>
     <span class='ocr_line' id='line_1_37' title="bbox 303 3974 1493 4066; baseline 0.003 -28"><span class='ocrx_word' id='word_1_333' title='bbox 303 3975 423 4042; x_wconf 87' lang='lat' dir='ltr'>modo.”</span> <span class='ocrx_word' id='word_1_334' title='bbox 466 3977 586 4066; x_wconf 87' lang='lat' dir='ltr'>Pergit,</span> <span class='ocrx_word' id='word_1_335' title='bbox 602 3987 622 4018; x_wconf 87' lang='lat'>“</span> <span class='ocrx_word' id='word_1_336' title='bbox 634 3977 717 4044; x_wconf 87' lang='lat' dir='ltr'>inter</span> <span class='ocrx_word' id='word_1_337' title='bbox 731 3977 792 4044; x_wconf 91' lang='lat' dir='ltr'>alia</span> <span class='ocrx_word' id='word_1_338' title='bbox 805 3977 906 4043; x_wconf 90' lang='lat' dir='ltr'>multa</span> <span class='ocrx_word' id='word_1_339' title='bbox 919 3976 993 4042; x_wconf 88' lang='lat' dir='ltr'>artis</span> <span class='ocrx_word' id='word_1_340' title='bbox 1006 3975 1122 4062; x_wconf 86' lang='lat' dir='ltr'>iniquae</span> <span class='ocrx_word' id='word_1_341' title='bbox 1137 3974 1296 4064; x_wconf 86' lang='lat' dir='ltr'>figmenta,</span> <span class='ocrx_word' id='word_1_342' title='bbox 1319 3975 1380 4042; x_wconf 93' lang='lat' dir='ltr'>hoc</span> <span class='ocrx_word' id='word_1_343' title='bbox 1394 3999 1493 4042; x_wconf 92' lang='lat' dir='ltr'>unum</span> 
     </span>
     <span class='ocr_line' id='line_1_38' title="bbox 304 4059 1494 4154; baseline 0.002 -28"><span class='ocrx_word' id='word_1_344' title='bbox 304 4059 421 4128; x_wconf 87' lang='lat' dir='ltr'>habent</span> <span class='ocrx_word' id='word_1_345' title='bbox 434 4073 583 4151; x_wconf 86' lang='lat' dir='ltr'>tanquam</span> <span class='ocrx_word' id='word_1_346' title='bbox 596 4065 790 4154; x_wconf 74' lang='lat' dir='ltr'>precipuum</span> <span class='ocrx_word' id='word_1_347' title='bbox 805 4075 1032 4152; x_wconf 89' lang='lat' dir='ltr'>argumentum.</span> <span class='ocrx_word' id='word_1_348' title='bbox 1092 4062 1160 4128; x_wconf 82' lang='lat' dir='ltr'>Sub</span> <span class='ocrx_word' id='word_1_349' title='bbox 1174 4060 1335 4150; x_wconf 89' lang='lat' dir='ltr'>religionis</span> <span class='ocrx_word' id='word_1_350' title='bbox 1355 4074 1388 4129; x_wconf 87' lang='lat' dir='ltr'>et</span> <span class='ocrx_word' id='word_1_351' title='bbox 1408 4061 1494 4150; x_wconf 89' lang='lat' dir='ltr'>pacis</span> 
     </span>
     <span class='ocr_line' id='line_1_39' title="bbox 305 4148 1548 4239; baseline 0.002 -27"><span class='ocrx_word' id='word_1_352' title='bbox 305 4149 435 4216; x_wconf 89' lang='lat' dir='ltr'>obtentu</span> <span class='ocrx_word' id='word_1_353' title='bbox 450 4150 625 4218; x_wconf 88' lang='lat' dir='ltr'>adsacrum</span> <span class='ocrx_word' id='word_1_354' title='bbox 641 4151 778 4239; x_wconf 85' lang='lat' dir='ltr'>aliquem</span> <span class='ocrx_word' id='word_1_355' title='bbox 792 4150 897 4217; x_wconf 88' lang='lat' dir='ltr'>locum</span> <span class='ocrx_word' id='word_1_356' title='bbox 912 4148 1113 4229; x_wconf 87' lang='lat' dir='ltr'>conveniunt,</span> <span class='ocrx_word' id='word_1_357' title='bbox 1128 4172 1201 4215; x_wconf 91' lang='lat' dir='ltr'>cum</span> <span class='ocrx_word' id='word_1_358' title='bbox 1223 4173 1261 4216; x_wconf 90' lang='lat' dir='ltr'>eo</span> <span class='ocrx_word' id='word_1_359' title='bbox 1283 4172 1378 4238; x_wconf 90' lang='lat' dir='ltr'>quem</span> <span class='ocrx_word' id='word_1_360' title='bbox 1400 4173 1496 4239; x_wconf 83' lang='lat' dir='ltr'>oppe-</span> <span class='ocrx_word' id='word_1_361' title='bbox 1544 4173 1548 4176; x_wconf 92' lang='lat'>·</span> 
     </span>
     <span class='ocr_line' id='line_1_40' title="bbox 303 4235 1497 4328; baseline 0.002 -28"><span class='ocrx_word' id='word_1_362' title='bbox 303 4245 370 4300; x_wconf 81' lang='lat' dir='ltr'>tare</span> <span class='ocrx_word' id='word_1_363' title='bbox 392 4237 540 4326; x_wconf 89' lang='lat' dir='ltr'>cupiunt;</span> <span class='ocrx_word' id='word_1_364' title='bbox 562 4239 664 4328; x_wconf 87' lang='lat' dir='ltr'>primb</span> <span class='ocrx_word' id='word_1_365' title='bbox 693 4236 957 4326; x_wconf 86' lang='lat' dir='ltr'>compaternitatis</span> <span class='ocrx_word' id='word_1_366' title='bbox 984 4236 1101 4302; x_wconf 87' lang='lat' dir='ltr'>foedera</span> <span class='ocrx_word' id='word_1_367' title='bbox 1123 4235 1274 4323; x_wconf 88' lang='lat' dir='ltr'>jungunt,</span> <span class='ocrx_word' id='word_1_368' title='bbox 1305 4235 1419 4303; x_wconf 90' lang='lat' dir='ltr'>deinde</span> <span class='ocrx_word' id='word_1_369' title='bbox 1448 4250 1497 4302; x_wconf 83' lang='lat' dir='ltr'>ter</span> 
     </span>
     <span class='ocr_line' id='line_1_41' title="bbox 303 4321 1515 4414; baseline 0.006 -28"><span class='ocrx_word' id='word_1_370' title='bbox 303 4321 386 4388; x_wconf 88' lang='lat' dir='ltr'>cirea</span> <span class='ocrx_word' id='word_1_371' title='bbox 399 4325 562 4392; x_wconf 89' lang='lat' dir='ltr'>ecclesiam</span> <span class='ocrx_word' id='word_1_372' title='bbox 577 4350 609 4393; x_wconf 90' lang='lat' dir='ltr'>se</span> <span class='ocrx_word' id='word_1_373' title='bbox 622 4324 760 4392; x_wconf 91' lang='lat' dir='ltr'>invicem</span> <span class='ocrx_word' id='word_1_374' title='bbox 774 4336 908 4414; x_wconf 87' lang='lat' dir='ltr'>portant,</span> <span class='ocrx_word' id='word_1_375' title='bbox 937 4323 1136 4412; x_wconf 89' lang='lat' dir='ltr'>postmodum</span> <span class='ocrx_word' id='word_1_376' title='bbox 1150 4322 1314 4389; x_wconf 88' lang='lat' dir='ltr'>ecclesiam</span> <span class='ocrx_word' id='word_1_377' title='bbox 1335 4323 1496 4402; x_wconf 88' lang='lat' dir='ltr'>intrantes,</span> <span class='ocrx_word' id='word_1_378' title='bbox 1511 4381 1515 4394; x_wconf 91' lang='lat'>.</span> 
     </span>
     <span class='ocr_line' id='line_1_42' title="bbox 304 4408 1496 4499; baseline 0.003 -26"><span class='ocrx_word' id='word_1_379' title='bbox 304 4431 407 4476; x_wconf 88' lang='lat' dir='ltr'>coram</span> <span class='ocrx_word' id='word_1_380' title='bbox 429 4412 529 4493; x_wconf 88' lang='lat' dir='ltr'>altari,</span> <span class='ocrx_word' id='word_1_381' title='bbox 551 4412 691 4499; x_wconf 87' lang='lat' dir='ltr'>reliquiis</span> <span class='ocrx_word' id='word_1_382' title='bbox 711 4425 889 4479; x_wconf 88' lang='lat' dir='ltr'>sanctorum</span> <span class='ocrx_word' id='word_1_383' title='bbox 910 4409 1067 4499; x_wconf 84' lang='lat' dir='ltr'>appositis,</span> <span class='ocrx_word' id='word_1_384' title='bbox 1096 4413 1305 4489; x_wconf 86' lang='lat' dir='ltr'>sacramentis,</span> <span class='ocrx_word' id='word_1_385' title='bbox 1326 4408 1496 4476; x_wconf 69' lang='lat' dir='ltr'>multifarie</span> 
     </span>
     <span class='ocr_line' id='line_1_43' title="bbox 336 4533 1497 4603; baseline 0 -15"><span class='ocrx_word' id='word_1_386' title='bbox 336 4537 348 4560; x_wconf 89' lang='lat'>&#39;</span> <span class='ocrx_word' id='word_1_387' title='bbox 365 4536 431 4597; x_wconf 82' lang='lat' dir='ltr'>lind,</span> <span class='ocrx_word' id='word_1_388' title='bbox 443 4538 565 4603; x_wconf 84' lang='lat' dir='ltr'>Gyralde.</span> <span class='ocrx_word' id='word_1_389' title='bbox 577 4543 608 4589; x_wconf 87' lang='lat' dir='ltr'>tn</span> <span class='ocrx_word' id='word_1_390' title='bbox 618 4537 741 4602; x_wconf 87' lang='lat' dir='ltr'>quotidie,</span> <span class='ocrx_word' id='word_1_391' title='bbox 753 4542 801 4589; x_wconf 87' lang='lat' dir='ltr'>ant</span> <span class='ocrx_word' id='word_1_392' title='bbox 810 4535 883 4602; x_wconf 70' lang='lat' dir='ltr'>pent,</span> <span class='ocrx_word' id='word_1_393' title='bbox 904 4535 1001 4600; x_wconf 86' lang='lat' dir='ltr'>ubique</span> <span class='ocrx_word' id='word_1_394' title='bbox 1015 4535 1044 4585; x_wconf 88' lang='lat' dir='ltr'>in</span> <span class='ocrx_word' id='word_1_395' title='bbox 1063 4534 1116 4586; x_wconf 87' lang='lat' dir='ltr'>tuis</span> <span class='ocrx_word' id='word_1_396' title='bbox 1127 4533 1230 4599; x_wconf 84' lang='lat' dir='ltr'>scriptia</span> <span class='ocrx_word' id='word_1_397' title='bbox 1245 4533 1382 4586; x_wconf 78' lang='lat' dir='ltr'>veritatem</span> <span class='ocrx_word' id='word_1_398' title='bbox 1399 4533 1497 4588; x_wconf 79' lang='lat' dir='ltr'>violare</span> 
     </span>
     <span class='ocr_line' id='line_1_44' title="bbox 302 4603 720 4656; baseline 0.005 -4"><span class='ocrx_word' id='word_1_399' title='bbox 302 4614 355 4652; x_wconf 87' lang='lat' dir='ltr'>nan</span> <span class='ocrx_word' id='word_1_400' title='bbox 365 4605 462 4654; x_wconf 83' lang='lat' dir='ltr'>vereris</span> <span class='ocrx_word' id='word_1_401' title='bbox 472 4619 520 4656; x_wconf 88' lang='lat' dir='ltr'>nae</span> <span class='ocrx_word' id='word_1_402' title='bbox 530 4603 720 4656; x_wconf 83' lang='lat' dir='ltr'>verecundaris.</span> 
     </span>
     <span class='ocr_line' id='line_1_45' title="bbox 303 4660 1496 4798; baseline -0.003 -16"><span class='ocrx_word' id='word_1_403' title='bbox 303 4664 1081 4798; x_wconf 48' lang='grc'><strong>11111</strong></span> <span class='ocrx_word' id='word_1_404' title='bbox 1090 4660 1496 4792; x_wconf 66' lang='lat' dir='ltr'>vn</span> 
     </span>
    </p>
   </div>
   <div class='ocr_carea' id='block_1_3' title="bbox 302 4791 1495 4916">
    <p class='ocr_par' dir='ltr' id='par_1_3' title="bbox 302 4791 1495 4916">
     <span class='ocr_line' id='line_1_46' title="bbox 302 4791 1495 4914; baseline -0.002 -67"><span class='ocrx_word' id='word_1_405' title='bbox 302 4803 405 4914; x_wconf 62' lang='lat' dir='ltr'>praepa,</span> <span class='ocrx_word' id='word_1_406' title='bbox 434 4805 461 4852; x_wconf 88' lang='lat' dir='ltr'>et</span> <span class='ocrx_word' id='word_1_407' title='bbox 482 4800 612 4865; x_wconf 84' lang='lat' dir='ltr'>eloquens.</span> <span class='ocrx_word' id='word_1_408' title='bbox 634 4801 662 4850; x_wconf 87' lang='lat' dir='ltr'>at</span> <span class='ocrx_word' id='word_1_409' title='bbox 683 4798 775 4864; x_wconf 78' lang='lat' dir='ltr'>plenus</span> <span class='ocrx_word' id='word_1_410' title='bbox 802 4799 941 4849; x_wconf 87' lang='lat' dir='ltr'>verborum</span> <span class='ocrx_word' id='word_1_411' title='bbox 960 4795 1129 4848; x_wconf 85' lang='lat' dir='ltr'>allusionibus</span> <span class='ocrx_word' id='word_1_412' title='bbox 1149 4793 1258 4856; x_wconf 65' lang='lat' dir='ltr'>nautis.</span> <span class='ocrx_word' id='word_1_413' title='bbox 1277 4806 1311 4844; x_wconf 85' lang='lat' dir='ltr'>ne</span> <span class='ocrx_word' id='word_1_414' title='bbox 1329 4791 1413 4844; x_wconf 87' lang='lat' dir='ltr'>dicam</span> <span class='ocrx_word' id='word_1_415' title='bbox 1435 4793 1495 4846; x_wconf 87' lang='lat' dir='ltr'>illu·</span> 
     </span>
     <span class='ocr_line' id='line_1_47' title="bbox 316 4876 426 4916; baseline 0.055 -6"><span class='ocrx_word' id='word_1_416' title='bbox 316 4876 369 4913; x_wconf 86' lang='lat' dir='ltr'>rcm</span> <span class='ocrx_word' id='word_1_417' title='bbox 386 4877 426 4916; x_wconf 86' lang='lat' dir='ltr'>ua.</span> 
     </span>
    </p>
   </div>
   <div class='ocr_carea' id='block_1_4' title="bbox 0 0 1890 6005">
    <p class='ocr_par' dir='ltr' id='par_1_4' title="bbox 0 0 1890 6005">
     <span class='ocr_line' id='line_1_48' title="bbox 0 0 1890 6005; baseline 0 0"><span class='ocrx_word' id='word_1_418' title='bbox 0 0 1890 6005; x_wconf 95' lang='lat' dir='ltr'> </span> 
     </span>
    </p>
   </div>
  </div>
 </body>
</html>
