3736 6054
218 753 297 802 car.
313 733 378 824 ru]
564 753 746 803 aroucam
760 753 831 805 rao
846 753 1031 802 amanum.
1370 739 1411 806 39
1513 827 1516 834 .

264 909 298 976 S.
315 909 473 976 Columba
487 909 592 990 abbas,
607 909 648 974 ad
664 913 683 976 9
698 909 801 987 Junii,
818 911 872 996 qui
888 909 967 976 obiit
978 933 1059 976 anno
1075 912 1149 990 599,
1169 911 1299 997 ejusque
1314 912 1413 978 vitam

217 995 330 1084 cripuit
344 1008 414 1084 post
429 994 655 1062 Adamnanum
676 997 790 1085 partim
806 995 905 1076 Beda,
921 997 976 1062 lib.
995 999 1025 1076 3,
1042 1021 1111 1085 cap.
1128 999 1148 1062 3
1164 1011 1198 1062 et
1214 999 1247 1076 4,
1262 1011 1295 1063 et
1311 999 1366 1064 lib.
1385 1003 1417 1074 δ,

217 1086 357 1171 cap.10;
372 1083 488 1170 partim
503 1083 566 1149 alii.
610 1083 689 1150 Fuit
701 1084 760 1148 iste
776 1081 932 1148 Columba
946 1084 1002 1170 qui
1017 1085 1099 1149 inter
1113 1084 1174 1150 alia
1187 1085 1353 1150 innumera
1367 1099 1412 1151 at·

216 1193 280 1256 que
304 1170 460 1257 stupenda
484 1193 541 1235 sua
562 1171 654 1248 facta,
685 1183 881 1236 converterat
902 1170 941 1234 ad
963 1169 1060 1236 fidem
1082 1171 1283 1237 christianam
1313 1184 1411 1237 totam

216 1269 347 1344 gentem
370 1256 567 1324 “Pictorum
593 1256 942 1336 Transmontanorum,”
971 1257 1143 1323 Britanniae
1173 1259 1412 1344 aquilonarium,

216 1343 273 1429 qui
288 1343 416 1410 fuerunt
430 1344 562 1430 majores
576 1343 712 1409 nationis
734 1367 827 1430 quam
845 1344 1008 1410 Scotorum
1024 1345 1217 1432 appellamus
1232 1347 1272 1411 ab
1294 1346 1413 1432 aliquot

215 1429 347 1510 seculis3
363 1453 497 1516 quorum
511 1431 612 1519 patria
623 1431 682 1496 sita
697 1444 744 1496 est
758 1430 799 1495 ad
813 1431 992 1515 aquilonem
1006 1431 1146 1520 Angliae,
1168 1431 1203 1496 in
1224 1431 1328 1497 insula
1342 1433 1411 1498 Bri·

216 1516 332 1582 tannias
353 1516 489 1603 majoris.
532 1517 715 1604 Aliquando
738 1517 813 1582 olim
836 1517 998 1584 dicebatur
1017 1518 1073 1584 illa
1096 1519 1202 1585 Scotia
1222 1519 1326 1584 minor
1346 1519 1412 1585 sive

217 1627 336 1670 recens.

260 1691 317 1756 Ad
328 1693 348 1757 8
358 1688 440 1756 Julii
453 1687 513 1755 SS.
525 1689 698 1756 colonatus
712 1703 746 1755 et
757 1689 929 1770 Totnanus,
945 1704 1095 1781 martyres
1109 1703 1142 1757 et
1156 1690 1232 1757 socii
1245 1691 1278 1758 S.
1290 1692 1412 1758 Kiliani

215 1778 251 1841 in
278 1776 435 1864 evangelii
458 1775 679 1864 pradicatioue
705 1799 762 1865 per
786 1777 998 1858 Germaniam,
1029 1779 1084 1844 ubi
1110 1778 1248 1844 hmeam
1269 1779 1413 1868 martyrii

215 1864 323 1953 adepti
337 1864 465 1929 fuerunt
479 1863 648 1951 Herbipoli
663 1887 744 1929 anno
759 1864 866 1930 salutis
882 1867 954 1930 887.

260 1951 316 2016 Ad
332 1953 373 2014 22
388 1950 444 2014 Αιι
505 1949 579 2017 tiS.
596 1949 772 2016 Gunifortis
785 1965 913 2040 martyr,
937 1952 992 2038 qui
1021 1951 1169 2016 adversm
1183 1951 1320 2018 Arianos
1343 1951 1413 2018 Me·

215 2035 334 2102 diolani
350 2036 384 2102 in
400 2037 449 2101 Ita
462 2036 493 2102 id
507 2037 604 2103 verbo
619 2037 683 2103 Dei
698 2037 861 2117 dimicans,
884 2037 1047 2104 victoriam
1063 2050 1095 2104 et
1138 2038 1252 2104 almam
1267 2039 1412 2128 martyrii

215 2125 256 2190 ab
270 2125 334 2189 illis
346 2123 526 2212 reportavit.
570 2124 650 2224 Ejus
675 2147 794 2190 sacrum
816 2149 927 2213 corpus
954 2125 1088 2212 quiescit
1134 2124 1211 2191 icini
1236 2149 1290 2191 seu
1305 2127 1413 2214 Papiae

217 2213 336 2290 15,000
361 2209 501 2299 passibus
516 2209 700 2277 Mediolano
727 2211 852 2278 distans
899 2212 949 2278 De
966 2212 1133 2278 Guniforte
1156 2224 1228 2301 post
1246 2214 1322 2278 alios
1347 2214 1414 2302 agit

215 2298 303 2364 Phili
328 2322 388 2387 pus
402 2297 550 2363 Ferarius
561 2298 596 2362 in
611 2320 666 2363 suo
682 2311 859 2364 sanctorum
875 2299 978 2364 Italiae
992 2299 1144 2386 catalogo.

258 2385 292 2449 A
332 2385 373 2450 30
388 2384 529 2471 Augusti
546 2383 577 2449 S.
593 2383 735 2464 Fiaorus,
752 2385 835 2450 filius
849 2409 882 2452 re
905 2387 932 2451 is
947 2387 1091 2465 Iberniae,
1108 2385 1163 2472 qui
1177 2398 1249 2474 post
1262 2385 1413 2475 plurimos

215 2471 338 2560 abipso
354 2471 394 2538 ad
409 2470 571 2536 Christum
587 2485 757 2559 pertractos
782 2472 816 2536 in
833 2411 951 2551 Gailia,
975 2496 1115 2539 eremum
1138 2487 1258 2560 petens,
1280 2473 1360 2538 etin
1375 2497 1413 2538 eo

213 2581 425 2646 perseverans,
451 2557 601 2645 migravit
614 2563 649 2622 in
663 2559 788 2638 coslum,
816 2559 978 2626 miraculis
1000 2581 1162 2626 commeans
1185 2559 1289 2625 adhuc
1303 2559 1414 2626 vivens

215 2659 248 2710 et
262 2645 328 2711 vitu
342 2647 477 2722 functus,
493 2646 576 2710 circa
590 2669 706 2709 annum
721 2645 828 2711 salutis
845 2648 919 2712 660.

257 2733 314 2797 Ad
329 2735 348 2798 9
367 2732 408 2798 Se
431 2733 527 2796 temb.
542 2731 574 2797 S.
586 2732 729 2798 Keranus
740 2733 843 2810 abbas,
859 2732 914 2818 qui
929 2745 962 2798 et
971 2733 1142 2813 Queranus,
1155 2733 1195 2797 de
1210 2756 1273 2818 quo
1288 2732 1407 2799 mentio

211 2818 250 2886 lit
264 2820 299 2884 in
312 2819 380 2884 vita
425 2869 432 2882 .
448 2817 622 2898 Oolumbae,
638 2817 690 2884 cui
704 2818 765 2883 fuit
777 2819 947 2884 familiaris.

253 2907 310 2971 Ad
327 2909 365 2972 11
395 2904 468 2971 Oct.
497 2905 529 2971 S.
546 2905 691 2983 Canicus,
714 2906 808 2971 abbas
830 2918 863 2971 et
885 2905 1029 2993 egregius
1072 2928 1152 2970 raeco
1174 2905 1263 2972 verbi
1286 2904 1349 2971 Dei
1371 2905 1407 2971 in

210 2993 349 3094 ibernia
361 2992 417 3059 ubi
431 2991 616 3058 familiarem
630 2991 743 3059 habuit
759 2991 791 3057 S.
804 2992 992 3058 Columbam
1007 2929 1163 3071 ablatem,
1179 3005 1216 3057 ut
1230 3004 1276 3058 est
1290 2992 1324 3058 in
1339 2992 1407 3060 vita

209 3104 312 3232 rpqu
327 3079 677 3266 qqugclthdsqmffiffi,
692 3177 811 3254 martyr
825 3177 858 3231 et
871 3165 1056 3266 praedicator
1070 3165 1104 3230 in
1119 3165 1273 3266 territorio
1289 3166 1406 3234 Treve-

208 3254 292 3320 rensi
307 3253 342 3318 in
357 3253 536 3331 Germamt,
558 3255 614 3319 ub1
628 3253 729 3318 fuerat
743 3265 906 3319 coronatus
920 3266 1078 3340 martyna,
1100 3266 1137 3319 ut
1155 3277 1189 3318 ιιι
1203 3254 1271 3319 vita
1291 3254 1321 3320 le
1346 3256 1408 3320 'tur

210 3341 298 3429 apud
314 3339 459 3420 Surium;
481 3339 575 3406 fuisse
590 3339 717 3406 natione
732 3353 873 3404 veterum
891 3339 1066 3419 Scotorum,
1079 3353 1231 3406 testantur
1244 3279 1359 3407 abniti
1375 3353 1408 3407 ct

208 3427 314 3518 prisca
326 3439 539 3505 monumenta,
554 3450 624 3526 quae
640 3439 751 3492 extant
765 3425 916 3505 Coloniae,
932 3426 987 3492 ubi
1009 3451 1028 3493 a
1042 3426 1149 3492 multis
1170 3427 1283 3495 seculis
1305 3429 1407 3515 quies·

210 3527 290 3581 cunt
304 3537 389 3580 saara
403 3512 526 3601 Eliphii
563 3538 574 3576 1
619 3537 681 3580 ora.

255 3601 313 3667 Ad
330 3601 369 3666 16
386 3600 457 3666 Oet.
476 3598 507 3666 S.
525 3537 575 3666 (ia
600 3624 635 3666 us
650 3602 755 3678 abbas,
771 3599 943 3688 discipulus
956 3601 995 3665 B.
1011 3599 1212 3680 Columbani,
1226 3601 1310 3666 filius
1322 3602 1406 3690 regis

211 3687 358 3767 Ibemiae,
382 3687 437 3774 qui
450 3699 615 3776 postquam
630 3687 759 3775 triginta
780 3700 834 3752 aut
855 3687 985 3788 triginta
1007 3699 1139 3772 quatuor
1160 3687 1249 3754 annis
1270 3693 1408 3755 vacasset

212 3777 297 3854 Deo,
319 3774 380 3840 sibi
402 3787 434 3840 et
455 3774 644 3862 evangelica
665 3773 878 3862 praedicationi
900 3798 935 3838 ιιι
958 3773 1072 3852 Gallia,
1095 3773 1169 3839 inde
1192 3775 1316 3840 tandem
1333 3799 1407 3842 cum
1470 3812 1471 3815 ¹

213 3861 414 3928 Columbano
428 3859 526 3949 impib
540 3885 583 3926 ex
605 3862 692 3926 ulsus
706 3885 724 3926 a
738 3883 812 3949 rege
828 3860 1025 3926 Theoderico
1040 3872 1073 3926 et
1087 3860 1303 3940 Brunichilde,
1319 3863 1408 3929 venit

212 3950 250 4014 in
261 3947 474 4028 Germaniam,
486 3947 541 4012 ubi
551 3885 708 4034 reliquum
719 3947 792 4012 vitae
802 3947 962 4036 transegit,
974 3960 1007 4013 et
1020 3952 1076 4012 sud
1088 3947 1302 4047 predicatione
1313 3973 1407 4016 evan·

214 4035 318 4125 gelict
328 4035 444 4101 meruit
459 4059 477 4100 a
490 4035 620 4122 posteris
634 4059 652 4100 a
673 4034 784 4123 pellari
799 4044 818 4074 ‘⁸
832 4035 988 4122 apostolus
999 4034 1124 4100 suana
1136 4048 1168 4099 et
1179 4035 1364 4102 Helvetiae.”

259 4123 315 4187 Ad
330 4125 370 4187 21
387 4123 543 4187 Novamb.
561 4121 594 4188 S.
611 4059 825 4188 columbanus
848 4123 953 4200 abbas,
975 4120 1113 4209 primlrm
1136 4121 1349 4190 Luxoviensis
1369 4123 1405 4189 in

215 4209 333 4288 Gabia,
348 4207 463 4274 deinde
477 4208 641 4274 Bobiensis
653 4207 688 4272 in
703 4207 806 4287 Italis,
821 4209 905 4274 unde
920 4207 965 4272 mi
1022 4207 1070 4272 vit
1090 4207 1124 4272 iu
1137 4208 1237 4274 vitam
1259 4223 1407 4278 aeternam
1416 4227 1430 4254 s

216 4319 300 4362 anno
314 4295 421 4361 salutis
435 4295 498 4360 616
514 4309 569 4361 ant
583 4295 662 4363 619:
685 4307 819 4381 quantus
841 4294 936 4360 buerit
1014 4317 1090 4360 rnus
1111 4294 1169 4361 iste
1192 4294 1407 4365 columbanus

215 4407 319 4473 praeco
334 4381 501 4470 evangelii,
516 4383 605 4448 velut
619 4383 696 4449 alter
710 4381 808 4460 Elias,
824 4381 1011 4460 Hieremias,
1026 4395 1060 4448 et
1073 4381 1122 4448 Ba
1143 4381 1225 4463 tiata,
1241 4383 1326 4450 dicet
1346 4385 1407 4452 tibi

216 4472 286 4557 ejus
308 4469 375 4534 vita
395 4492 490 4556 quam
512 4469 633 4558 scripsit
650 4470 683 4536 S.
699 4469 767 4556 ejus
782 4469 965 4569 discipulus,
980 4471 1078 4536 Jonas
1092 4407 1214 4551 Abbas,
1237 4495 1332 4557 quem
1354 4473 1407 4539 de·

216 4557 277 4624 scri
314 4557 339 4621 't
354 4556 479 4634 Surius3
495 4556 579 4622 dicet
592 4556 652 4622 tibi
666 4555 818 4622 Baronius
830 4581 866 4622 ιιι
880 4556 943 4622 auis
956 4555 1144 4624 Annalibus.

262 4581 386 4710 (pgim
400 4645 562 4710 nominare
579 4643 611 4710 S.
627 4644 804 4732 Egbertum
819 4643 860 4708 ad
882 4646 925 4709 24
937 4643 1018 4732 Apr.
1035 4655 1067 4710 et
1083 4643 1115 4710 S.
1132 4644 1287 4712 Iltbinum
1309 4645 1349 4710 ad
1366 4645 1405 4713 19

218 4731 375 4797 Novemb.
390 4743 474 4796 utet
494 4742 614 4796 sanctas
627 4731 765 4819 virgines
779 4729 943 4819 Brigidam
959 4731 999 4796 ad
1023 4734 1039 4795 l
1053 4729 1147 4796 Febr.
1169 4743 1202 4794 et
1222 4730 1406 4819 Dympnam

218 4830 387 4906 martyrem
403 4817 443 4882 ad
460 4819 498 4884 15
516 4817 606 4896 Maii,
629 4841 706 4903 quos
721 4841 827 4882 omncs
841 4831 946 4883 tamen
967 4817 1108 4884 nominat
1130 4817 1306 4882 Romanum
1328 4841 1407 4883 mar·

220 4904 428 4994 tyrologium;
464 4917 496 4972 ct
519 4905 568 4972 his
591 4903 795 4972 nihilominus
821 4929 885 4971 non
911 4905 1113 4984 obstantibus,
1143 4903 1238 4970 audet
1266 4927 1298 4971 so
1328 4929 1409 4972 unus
