3772 6008
418 745 435 807 ἰ’
439 746 457 810 8
761 759 942 808 rrouocns
957 758 1028 806 rao
1043 757 1218 806 nmunnra
1448 739 1541 826 [cnr.
1559 757 1609 804 vr.

414 915 475 980 rim
497 916 591 982 libros
605 929 684 994 tuos,
706 915 732 980 si
749 914 917 1000 aliquando
937 912 1117 993 inciderint,
1139 913 1225 1000 quod
1246 911 1398 978 hactenus
1418 935 1481 977 non
1496 911 1607 1000 spiritu

413 1002 615 1082 initiantem,
641 1001 676 1066 in
696 1025 806 1068 manus
821 1015 853 1068 et
878 1023 1013 1066 examen
1033 1023 1125 1066 secrae
1141 997 1367 1085 Inquisitionis,
1389 998 1424 1063 in
1440 998 1532 1064 Italis
1553 1013 1608 1064 aut
1713 1033 1717 1042 ·

414 1089 580 1189 Hispania,
603 1089 755 1155 notandos
780 1088 815 1152 in
839 1089 973 1188 carbope
995 1087 1098 1174 niglu,
1124 1101 1157 1154 et
1180 1083 1395 1186 nominandos.
1408 1085 1443 1150 in
1463 1085 1609 1173 catalogo

413 1189 598 1330 ιιιιιι
614 1174 970 1362 antistant·
982 1175 1234 1328 ,umen
1247 1172 1432 1324 ιειὲιι
1450 1185 1607 1324 itan

414 1349 547 1415 duorum
561 1349 644 1416 inter
657 1349 735 1416 elios
748 1369 897 1426 virorum,
913 1349 997 1426 vere,
1012 1346 1074 1412 nisi
1087 1347 1292 1414 vehementer
1304 1345 1406 1424 fallor,
1428 1359 1462 1412 et
1482 1345 1607 1433 piorum

413 1449 446 1502 et
460 1436 652 1502 eruditorum
666 1435 798 1502 Joannis
812 1433 939 1501 Picardi
954 1446 987 1500 et
1001 1433 1153 1500 Richardi
1170 1433 1371 1511 stanihursti,
1392 1455 1456 1498 non
1470 1432 1545 1498 rede
1569 1432 1607 1497 's-

413 1535 460 1588 set
474 1523 544 1602 istc,
558 1536 596 1589 ut
610 1523 695 1602 fecit,
716 1523 751 1588 in
765 1520 988 1610 compendium
1002 1535 1035 1587 et
1048 1521 1131 1609 stylo
1141 1519 1239 1609 'longe
1258 1519 1413 1586 limatior-e
1456 1520 1530 1584 uam
1564 1541 1608 1584 ex

412 1609 548 1674 historiae
585 1611 723 1698 raecipiat
737 1623 791 1676 aut
805 1608 975 1698 permittet,
990 1607 1204 1674 Vaticinslem
1213 1606 1411 1672 Gambrensis
1458 1604 1607 1681 istoriam,

410 1696 525 1784 passim
539 1633 728 1775 falsulcsam3
743 1719 847 1783 neque
860 1695 915 1760 ille
930 1694 1093 1772 Picerdus,
1115 1694 1195 1760 tanti
1209 1693 1331 1760 fecisset
1343 1692 1441 1760 fidem
1456 1706 1489 1760 et
1503 1704 1608 1758 aucto·

410 1784 534 1849 ritatem
562 1783 770 1862 Oambrensis,
799 1795 837 1848 ut
857 1781 962 1848 verbis
990 1781 1132 1869 ejusdem
1153 1793 1303 1867 tunquam
1366 1779 1466 1857 mmis,
1489 1779 1608 1865 ubique

410 1871 492 1969 pene
506 1883 595 1936 ornet
609 1894 705 1949 oram,
721 1883 754 1936 et
767 1881 855 1935 notes
868 1869 961 1956 plene
977 1869 1148 1958 perdoctus,
1171 1891 1247 1954 ques
1261 1867 1313 1932 edi
1349 1880 1362 1932 t
1376 1867 1417 1932 ad
1435 1865 1606 1932 faciliorem

410 1957 653 2058 intelligentiam
667 1957 815 2034 historie,
830 1979 924 2042 quem
936 1955 1126 2022 Giriliclmus
1137 1953 1170 2019 N
1170 1953 1363 2044 subrigentis
1375 1955 1389 2040 (
1411 1951 1446 2017 ui
1460 1953 1607 2041 synclmo

410 2067 469 2109 nus
483 2044 543 2110 furt
558 2044 707 2132 Gyruldi)
731 2043 932 2133 provulgtrat
947 2043 986 2108 de
1008 2043 1100 2108 rebus
1115 2039 1272 2130 Anglicis.
1318 2039 1383 2120 Qui
1390 1978 1550 2106 tld'cnrdus
1572 2038 1606 2106 in

410 2130 492 2196 notis
506 2131 547 2197 ad
560 2132 735 2219 proemium
750 2129 903 2217 Neubrig.
948 2129 980 2195 G
1046 2129 1125 2194 dum
1139 2128 1282 2194 nominat
1304 2127 1522 2214 “perdoctum
1537 2126 1606 2191 An·

410 2218 500 2304 glum
520 2218 769 2285 cumbrensem?
813 2215 897 2282 Nam
920 2216 980 2283 Ric
1004 2215 1106 2294 ardus,
1132 2215 1224 2280 utin
1245 2214 1396 2280 hocloco
1417 2213 1604 2288 monuimus,

411 2304 557 2405 eumdem
570 2318 662 2406 ornat
675 2304 775 2405 titulis
789 2302 948 2391 scriptoris
961 2301 1146 2392 gratissimi,
1169 2301 1379 2400 eruditissimi,
1402 2299 1572 2400 doctissimi
1580 2301 1607 2399 s

411 2415 555 2566 diiii
567 2389 1006 2568 tl⁸tpl¹tltt¹¹⁵ntlttt
1014 2389 1606 2562 ffiilinaeliliidlllili

410 2580 443 2630 ct
456 2577 606 2654 expertus
620 2589 730 2654 nugas,
745 2563 884 2642 fabellas,
899 2587 1016 2631 errores
1030 2563 1181 2651 ejusdem,
1205 2561 1382 2652 Gymldum
1404 2559 1538 2650 propriis
1552 2560 1605 2625 de·

408 2651 551 2747 pinxerit
565 2652 731 2732 coloribus,
747 2651 826 2718 etin
841 2650 998 2740 plerisque
1012 2649 1174 2740 respuerit.

408 2755 410 2763 '
455 2739 520 2806 Sed
534 2739 574 2806 ad
590 2739 768 2828 Gyraldum
782 2751 937 2805 revertor:
959 2761 1064 2838 quem,
1088 2736 1174 2823 quod
1194 2735 1372 2824 ignorantis
1393 2733 1500 2800 multis
1522 2755 1606 2798 corn·

409 2826 498 2892 muni
521 2827 688 2892 labortsset
711 2825 794 2892 circa
818 2824 1051 2913 superstiuones
1074 2822 1267 2912 aruspicinae,
1290 2834 1323 2888 et
1336 2843 1441 2888 rerum
1462 2819 1604 2898 aliarum,

409 2914 515 3065 mitpirp
527 2913 623 3065 rpirpr
636 2913 729 3066 fuippe
739 2913 880 3065 delusupir
891 2938 903 3012 g
914 2909 1232 3064 mirortmegisttpludd
1245 2909 1341 3061 sigrit
1349 2931 1445 3010 ’ausus
1459 2931 1510 3060 iis
1516 2905 1604 2972 insti·

408 3017 586 3174 iilretiaiiil1
603 3022 1021 3174 idiiciriiilladlnigdiiidaee
1034 3020 1140 3149 aodiliil
1151 3019 1300 3148 scililicet
1321 3015 1606 3148 inliiisliudreriulitis

409 3173 663 3262 famigeratorum
689 3173 823 3238 duorum
841 3171 1059 3250 Merlinorum,
1081 3193 1214 3256 quorum
1236 3169 1314 3235 alter
1335 3167 1437 3234 dione
1451 3167 1606 3234 Merlinus

409 3259 606 3360 Ambrosius,
630 3259 709 3358 alter
724 3258 879 3360 Merlinus
894 3257 1096 3357 Caledonius,
1121 3268 1253 3356 uterque
1276 3254 1402 3320 natione
1419 3253 1604 3332 Britannum

408 3339 1605 3521 stetistis‘nsttttunttttunu{liugn

406 3519 523 3584 tanniae
545 3519 765 3609 Vortigerno,”
786 3519 869 3586 eirca
890 3541 1007 3584 annum
1029 3516 1137 3584 salutis
1158 3517 1234 3582 475.
1277 3514 1435 3582 Posterior
1449 3513 1604 3580 Merlinus

408 3616 428 3647 ‘⁶
440 3607 667 3694 pmphetevit,”
693 3607 738 3673 ait
752 3607 888 3674 camber
901 3606 937 3672 in
962 3613 982 3648 ‘⁶
996 3605 1028 3671 S
1043 3603 1097 3670 lvc
1111 3601 1311 3681 Caledonit,”
1332 3613 1472 3701 tempore
1492 3600 1604 3666 Artori

407 3692 501 3782 regis,
516 3692 550 3758 id
565 3709 612 3760 cst
626 3695 709 3762 circe
730 3717 847 3761 aunum
863 3692 982 3760 Christi
996 3629 1070 3759 tls.
1114 3691 1294 3776 Utrumque
1315 3688 1489 3754 Merhuum
1510 3687 1604 3754 fuisse

407 3780 544 3868 magicos
559 3781 702 3847 homines
720 3795 775 3848 aut
789 3779 952 3848 Philonici
973 3776 1109 3867 spiritis,
1129 3800 1187 3866 per
1201 3799 1336 3862 quorum
1349 3799 1414 3854 ora,
1436 3798 1509 3841 cum
1523 3775 1606 3840 firm·

408 3883 478 3932 rent
492 3880 525 3933 et
538 3871 573 3933 in
594 3869 784 3936 dementiam
805 3881 894 3935 erant
908 3865 1021 3945 versi*
1051 3865 1185 3943 daemon,
1210 3876 1247 3928 ut
1261 3863 1337 3927 olim
1359 3885 1416 3952 per
1429 3886 1484 3928 ors
1507 3861 1606 3926 idolo·

407 3977 488 4032 rum,
514 3968 569 4020 aut
583 3955 768 4022 Pithonissae
785 3953 888 4022 Saulis
912 3953 997 4053 regis
1011 3951 1119 4030 Israel,
1141 3950 1328 4036 loquebstur
1349 3947 1527 4037 enigmata,
1545 3961 1605 4014 tes-

408 4056 514 4107 tentur
529 4055 684 4128 quotquot
698 4065 837 4129 unquam
848 4041 966 4108 cordati
979 4038 1141 4126 scriptores
1155 4035 1249 4126 prisci
1264 4048 1319 4102 eut
1332 4050 1473 4104 recentes
1487 4036 1527 4101 de
1541 4033 1605 4100 illis

407 4128 612 4217 scripserunt3
626 4151 730 4228 neque
744 4141 868 4218 oportet
881 4127 989 4194 multis
1003 4126 1064 4192 hoc
1079 4123 1208 4191 suadere
1222 4123 1343 4201 lectori,
1354 4121 1409 4208 qui
1421 4122 1473 4189 vel
1486 4121 1604 4189 medio·

408 4215 502 4282 critcr
515 4214 549 4279 in
563 4215 698 4280 histon'rs
711 4230 850 4282 versatus
864 4227 921 4281 est.
965 4212 1040 4278 Non
1060 4223 1163 4300 potest
1176 4211 1211 4275 id
1231 4209 1362 4288 nescire,
1407 4207 1556 4274 raerertim
1577 4207 1604 4272 si

407 4303 459 4368 vel
481 4299 595 4390 legerit
621 4301 829 4368 Guilielmum
844 4298 1093 4400 Ncubrigensem
1114 4297 1148 4362 in
1171 4297 1326 4397 l’roemio,
1349 4234 1406 4362 vel
1424 4293 1603 4395 (tilbertum

409 4389 665 4466 Genaebrerdum,
682 4387 877 4488 Polydorum
896 4386 1078 4487 Virgilium,
1090 4385 1142 4450 vel
1154 4383 1348 4449 Richardum
1361 4382 1602 4456 Stumhurstum,

407 4479 460 4546 vel
471 4477 549 4545 alios
559 4475 688 4542 idoneos
699 4489 873 4564 scriptores,
889 4500 944 4562 qu1
959 4497 1042 4539 nunc
1057 4471 1200 4550 hariolos,
1216 4495 1300 4538 nunc
1313 4469 1499 4558 pithonicos,
1519 4490 1603 4532 nunc

440 4697 455 4724 *
472 4695 614 4759 Nunquam
625 4689 695 4746 enim
705 4693 781 4744 aliter
798 4691 875 4755 qulm
886 4693 915 4742 in
934 4692 990 4756 ipso
1000 4689 1096 4740 furoris
1106 4688 1206 4740 terrore
1218 4687 1358 4740 Merlinum
1370 4685 1538 4740 Caledoniam
1557 4699 1605 4735 sus

408 4763 511 4814 oracula
522 4761 631 4814 fundere
641 4759 754 4818 solitum,
768 4757 866 4810 latetm
878 4757 1049 4812 cambrensis.
