<?xml version="1.0" encoding="UTF-8"?>
<!DOCTYPE html PUBLIC "-//W3C//DTD XHTML 1.0 Transitional//EN"
    "http://www.w3.org/TR/xhtml1/DTD/xhtml1-transitional.dtd">
<html xmlns="http://www.w3.org/1999/xhtml" xml:lang="en" lang="en">
 <head>
  <title>
</title>
<meta http-equiv="Content-Type" content="text/html;charset=utf-8" />
  <meta name='ocr-system' content='tesseract 3.04.00' />
  <meta name='ocr-capabilities' content='ocr_page ocr_carea ocr_par ocr_line ocrx_word'/>
</head>
<body>
  <div class='ocr_page' id='page_1' title='image "apologiaprohibe00kellgoog_0027.png"; bbox 0 0 3736 6054; ppageno 0'>
   <div class='ocr_carea' id='block_1_1' title="bbox 434 743 1157 816">
    <p class='ocr_par' dir='ltr' id='par_1_1' title="bbox 434 743 1157 816">
     <span class='ocr_line' id='line_1_1' title="bbox 434 743 1157 816; baseline 0.001 -5"><span class='ocrx_word' id='word_1_1' title='bbox 434 743 468 812; x_wconf 83' lang='lat' dir='ltr'>iv</span> <span class='ocrx_word' id='word_1_2' title='bbox 905 767 1157 816; x_wconf 82' lang='lat' dir='ltr'>mraonuerro.</span> 
     </span>
    </p>
   </div>
   <div class='ocr_carea' id='block_1_2' title="bbox 405 919 1635 2496">
    <p class='ocr_par' dir='ltr' id='par_1_2' title="bbox 433 919 1635 1444">
     <span class='ocr_line' id='line_1_2' title="bbox 435 919 1634 1010; baseline 0.003 -26"><span class='ocrx_word' id='word_1_3' title='bbox 435 919 503 985; x_wconf 91' lang='lat' dir='ltr'>indi</span> <span class='ocrx_word' id='word_1_4' title='bbox 526 943 600 986; x_wconf 90' lang='lat' dir='ltr'>enas</span> <span class='ocrx_word' id='word_1_5' title='bbox 609 920 643 986; x_wconf 91' lang='lat' dir='ltr'>in</span> <span class='ocrx_word' id='word_1_6' title='bbox 652 921 834 987; x_wconf 88' lang='lat' dir='ltr'>servitutem</span> <span class='ocrx_word' id='word_1_7' title='bbox 843 921 993 1000; x_wconf 86' lang='lat' dir='ltr'>redactos,</span> <span class='ocrx_word' id='word_1_8' title='bbox 1005 923 1169 1010; x_wconf 75' lang='lat' dir='ltr'>justosque</span> <span class='ocrx_word' id='word_1_9' title='bbox 1180 921 1271 988; x_wconf 86' lang='lat' dir='ltr'>avitis</span> <span class='ocrx_word' id='word_1_10' title='bbox 1283 923 1409 988; x_wconf 91' lang='lat' dir='ltr'>sedibus</span> <span class='ocrx_word' id='word_1_11' title='bbox 1420 923 1634 990; x_wconf 85' lang='lat' dir='ltr'>aelectioribus</span> 
     </span>
     <span class='ocr_line' id='line_1_3' title="bbox 434 945 1634 1098; baseline 0.003 -26"><span class='ocrx_word' id='word_1_12' title='bbox 434 945 589 1086; x_wconf 75' lang='lat' dir='ltr'>recedere,</span> <span class='ocrx_word' id='word_1_13' title='bbox 605 1031 662 1096; x_wconf 90' lang='lat' dir='ltr'>pro</span> <span class='ocrx_word' id='word_1_14' title='bbox 676 1008 793 1096; x_wconf 88' lang='lat' dir='ltr'>placito</span> <span class='ocrx_word' id='word_1_15' title='bbox 808 1013 990 1089; x_wconf 76' lang='lat' dir='ltr'>tractarunt,</span> <span class='ocrx_word' id='word_1_16' title='bbox 1005 1023 1153 1076; x_wconf 88' lang='lat' dir='ltr'>consueto</span> <span class='ocrx_word' id='word_1_17' title='bbox 1169 1009 1318 1098; x_wconf 87' lang='lat' dir='ltr'>tyrannis,</span> <span class='ocrx_word' id='word_1_18' title='bbox 1330 1009 1385 1096; x_wconf 91' lang='lat' dir='ltr'>qui</span> <span class='ocrx_word' id='word_1_19' title='bbox 1400 1010 1446 1076; x_wconf 87' lang='lat' dir='ltr'>sas</span> <span class='ocrx_word' id='word_1_20' title='bbox 1459 1011 1493 1074; x_wconf 89' lang='lat' dir='ltr'>in</span> <span class='ocrx_word' id='word_1_21' title='bbox 1507 1009 1634 1076; x_wconf 87' lang='lat' dir='ltr'>fortiore</span> 
     </span>
     <span class='ocr_line' id='line_1_4' title="bbox 433 1094 1635 1180; baseline 0.002 -22"><span class='ocrx_word' id='word_1_22' title='bbox 433 1117 530 1158; x_wconf 88' lang='lat' dir='ltr'>manu</span> <span class='ocrx_word' id='word_1_23' title='bbox 547 1108 580 1159; x_wconf 87' lang='lat' dir='ltr'>et</span> <span class='ocrx_word' id='word_1_24' title='bbox 589 1095 643 1180; x_wconf 82' lang='lat' dir='ltr'>jus</span> <span class='ocrx_word' id='word_1_25' title='bbox 657 1094 785 1160; x_wconf 87' lang='lat' dir='ltr'>insitum</span> <span class='ocrx_word' id='word_1_26' title='bbox 808 1095 927 1161; x_wconf 85' lang='lat' dir='ltr'>volunt.</span> <span class='ocrx_word' id='word_1_27' title='bbox 972 1097 1052 1162; x_wconf 82' lang='lat' dir='ltr'>Haee</span> <span class='ocrx_word' id='word_1_28' title='bbox 1074 1120 1149 1162; x_wconf 91' lang='lat' dir='ltr'>vera</span> <span class='ocrx_word' id='word_1_29' title='bbox 1169 1096 1295 1162; x_wconf 86' lang='lat' dir='ltr'>videtur</span> <span class='ocrx_word' id='word_1_30' title='bbox 1315 1097 1409 1163; x_wconf 90' lang='lat' dir='ltr'>fuisse</span> <span class='ocrx_word' id='word_1_31' title='bbox 1433 1121 1525 1162; x_wconf 80' lang='lat' dir='ltr'>cama</span> <span class='ocrx_word' id='word_1_32' title='bbox 1551 1121 1635 1162; x_wconf 88' lang='lat' dir='ltr'>acer·</span> 
     </span>
     <span class='ocr_line' id='line_1_5' title="bbox 434 1179 1634 1282; baseline 0.003 -38"><span class='ocrx_word' id='word_1_33' title='bbox 434 1179 550 1258; x_wconf 87' lang='lat' dir='ltr'>bitatis,</span> <span class='ocrx_word' id='word_1_34' title='bbox 566 1179 642 1258; x_wconf 89' lang='lat' dir='ltr'>odii,</span> <span class='ocrx_word' id='word_1_35' title='bbox 658 1192 706 1247; x_wconf 89' lang='lat' dir='ltr'>tot</span> <span class='ocrx_word' id='word_1_36' title='bbox 720 1181 871 1247; x_wconf 88' lang='lat' dir='ltr'>atrocium</span> <span class='ocrx_word' id='word_1_37' title='bbox 887 1181 1137 1282; x_wconf 90' lang='lat' dir='ltr'>Philippicarum</span> <span class='ocrx_word' id='word_1_38' title='bbox 1159 1183 1422 1250; x_wconf 80' lang='lat' dir='ltr'><strong>declamationum</strong></span> <span class='ocrx_word' id='word_1_39' title='bbox 1443 1183 1578 1272; x_wconf 90' lang='lat' dir='ltr'>Gyraldi</span> <span class='ocrx_word' id='word_1_40' title='bbox 1600 1183 1634 1248; x_wconf 90' lang='lat' dir='ltr'>in</span> 
     </span>
     <span class='ocr_line' id='line_1_6' title="bbox 434 1267 1635 1356; baseline 0.002 -24"><span class='ocrx_word' id='word_1_41' title='bbox 434 1279 562 1354; x_wconf 78' lang='lat' dir='ltr'><strong>gentem</strong></span> <span class='ocrx_word' id='word_1_42' title='bbox 577 1267 772 1346; x_wconf 89' lang='lat' dir='ltr'>Ibernorum,</span> <span class='ocrx_word' id='word_1_43' title='bbox 788 1269 930 1355; x_wconf 89' lang='lat' dir='ltr'>quamvis</span> <span class='ocrx_word' id='word_1_44' title='bbox 944 1269 1070 1335; x_wconf 86' lang='lat' dir='ltr'>frrvolas</span> <span class='ocrx_word' id='word_1_45' title='bbox 1084 1271 1140 1336; x_wconf 88' lang='lat' dir='ltr'>has</span> <span class='ocrx_word' id='word_1_46' title='bbox 1155 1269 1281 1335; x_wconf 79' lang='lat' dir='ltr'>aliunde</span> <span class='ocrx_word' id='word_1_47' title='bbox 1290 1283 1409 1356; x_wconf 75' lang='lat' dir='ltr'>querat</span> <span class='ocrx_word' id='word_1_48' title='bbox 1418 1269 1635 1336; x_wconf 87' lang='lat' dir='ltr'>excusationes</span> 
     </span>
     <span class='ocr_line' id='line_1_7' title="bbox 434 1354 1633 1444; baseline 0.003 -26"><span class='ocrx_word' id='word_1_49' title='bbox 434 1368 468 1418; x_wconf 90' lang='lat' dir='ltr'>et</span> <span class='ocrx_word' id='word_1_50' title='bbox 490 1354 640 1419; x_wconf 89' lang='lat' dir='ltr'>obtendat</span> <span class='ocrx_word' id='word_1_51' title='bbox 660 1356 741 1434; x_wconf 86' lang='lat' dir='ltr'>vela,</span> <span class='ocrx_word' id='word_1_52' title='bbox 763 1379 821 1444; x_wconf 88' lang='lat' dir='ltr'>per</span> <span class='ocrx_word' id='word_1_53' title='bbox 841 1379 911 1442; x_wconf 84' lang='lat' dir='ltr'>quae</span> <span class='ocrx_word' id='word_1_54' title='bbox 932 1355 1137 1422; x_wconf 79' lang='lat' dir='ltr'>nihilominus</span> <span class='ocrx_word' id='word_1_55' title='bbox 1159 1363 1211 1441; x_wconf 89' lang='lat' dir='ltr'>(ut</span> <span class='ocrx_word' id='word_1_56' title='bbox 1225 1356 1333 1422; x_wconf 88' lang='lat' dir='ltr'>audiet</span> <span class='ocrx_word' id='word_1_57' title='bbox 1346 1357 1458 1442; x_wconf 87' lang='lat' dir='ltr'>lector)</span> <span class='ocrx_word' id='word_1_58' title='bbox 1475 1371 1633 1442; x_wconf 88' lang='lat' dir='ltr'>tamquam</span> 
     </span>
    </p>

    <p class='ocr_par' dir='ltr' id='par_1_3' title="bbox 448 1442 1634 1605">
     <span class='ocr_line' id='line_1_8' title="bbox 475 1442 1634 1532; baseline 0.003 -28"><span class='ocrx_word' id='word_1_59' title='bbox 475 1463 491 1504; x_wconf 92' lang='lat' dir='ltr'>r</span> <span class='ocrx_word' id='word_1_60' title='bbox 506 1442 727 1528; x_wconf 88' lang='lat' dir='ltr'>transparentis</span> <span class='ocrx_word' id='word_1_61' title='bbox 740 1442 843 1508; x_wconf 89' lang='lat' dir='ltr'>tenuis</span> <span class='ocrx_word' id='word_1_62' title='bbox 867 1467 906 1508; x_wconf 92' lang='lat' dir='ltr'>ue</span> <span class='ocrx_word' id='word_1_63' title='bbox 921 1457 1054 1509; x_wconf 77' lang='lat' dir='ltr'>textura</span> <span class='ocrx_word' id='word_1_64' title='bbox 1069 1467 1189 1532; x_wconf 87' lang='lat' dir='ltr'>pannos</span> <span class='ocrx_word' id='word_1_65' title='bbox 1202 1443 1294 1509; x_wconf 71' lang='lat' dir='ltr'>facile</span> <span class='ocrx_word' id='word_1_66' title='bbox 1309 1443 1435 1509; x_wconf 84' lang='lat' dir='ltr'>videtru</span> <span class='ocrx_word' id='word_1_67' title='bbox 1449 1444 1535 1530; x_wconf 88' lang='lat' dir='ltr'>quod</span> <span class='ocrx_word' id='word_1_68' title='bbox 1548 1445 1634 1508; x_wconf 78' lang='lat' dir='ltr'>iatius</span> 
     </span>
     <span class='ocr_line' id='line_1_9' title="bbox 448 1467 1633 1605; baseline 0.002 -13"><span class='ocrx_word' id='word_1_69' title='bbox 448 1539 521 1605; x_wconf 90' lang='lat' dir='ltr'>atet,</span> <span class='ocrx_word' id='word_1_70' title='bbox 537 1528 592 1593; x_wconf 90' lang='lat' dir='ltr'>sed</span> <span class='ocrx_word' id='word_1_71' title='bbox 606 1527 681 1594; x_wconf 89' lang='lat' dir='ltr'>foris</span> <span class='ocrx_word' id='word_1_72' title='bbox 695 1529 797 1594; x_wconf 80' lang='lat' dir='ltr'>radiat</span> <span class='ocrx_word' id='word_1_73' title='bbox 811 1467 945 1595; x_wconf 61' lang='lat' dir='ltr'>etducet</span> <span class='ocrx_word' id='word_1_74' title='bbox 959 1530 1158 1596; x_wconf 73' lang='lat' dir='ltr'>mendacium</span> <span class='ocrx_word' id='word_1_75' title='bbox 1174 1553 1239 1596; x_wconf 87' lang='lat' dir='ltr'>sese</span> <span class='ocrx_word' id='word_1_76' title='bbox 1253 1529 1454 1596; x_wconf 84' lang='lat' dir='ltr'>manifestans</span> <span class='ocrx_word' id='word_1_77' title='bbox 1475 1535 1539 1596; x_wconf 71' lang='lat' dir='ltr'>unt</span> <span class='ocrx_word' id='word_1_78' title='bbox 1559 1553 1633 1595; x_wconf 88' lang='lat' dir='ltr'>oum</span> 
     </span>
    </p>

    <p class='ocr_par' dir='ltr' id='par_1_4' title="bbox 405 1613 1634 2496">
     <span class='ocr_line' id='line_1_10' title="bbox 435 1613 1633 1716; baseline 0.003 -38"><span class='ocrx_word' id='word_1_79' title='bbox 435 1613 570 1701; x_wconf 86' lang='lat' dir='ltr'>Gyraldi</span> <span class='ocrx_word' id='word_1_80' title='bbox 584 1614 756 1681; x_wconf 75' lang='lat' dir='ltr'>insatiabili</span> <span class='ocrx_word' id='word_1_81' title='bbox 773 1619 858 1716; x_wconf 75' lang='lat' dir='ltr'>(quaa</span> <span class='ocrx_word' id='word_1_82' title='bbox 874 1617 1025 1704; x_wconf 90' lang='lat' dir='ltr'>majorem</span> <span class='ocrx_word' id='word_1_83' title='bbox 1038 1617 1097 1682; x_wconf 84' lang='lat' dir='ltr'>vix</span> <span class='ocrx_word' id='word_1_84' title='bbox 1111 1641 1162 1682; x_wconf 89' lang='lat' dir='ltr'>me</span> <span class='ocrx_word' id='word_1_85' title='bbox 1184 1615 1296 1705; x_wconf 78' lang='lat' dir='ltr'>legisse</span> <span class='ocrx_word' id='word_1_86' title='bbox 1318 1617 1358 1682; x_wconf 92' lang='lat' dir='ltr'>de</span> <span class='ocrx_word' id='word_1_87' title='bbox 1380 1616 1549 1682; x_wconf 88' lang='lat' dir='ltr'>christiano</span> <span class='ocrx_word' id='word_1_88' title='bbox 1571 1616 1633 1682; x_wconf 86' lang='lat' dir='ltr'>alio</span> 
     </span>
     <span class='ocr_line' id='line_1_11' title="bbox 405 1691 1632 1792; baseline 0.003 -28"><span class='ocrx_word' id='word_1_89' title='bbox 405 1691 410 1710; x_wconf 85' lang='lat'>&#39;</span> <span class='ocrx_word' id='word_1_90' title='bbox 435 1699 563 1766; x_wconf 90' lang='lat' dir='ltr'>homine</span> <span class='ocrx_word' id='word_1_91' title='bbox 585 1702 730 1789; x_wconf 90' lang='lat' dir='ltr'>memini)</span> <span class='ocrx_word' id='word_1_92' title='bbox 753 1703 903 1768; x_wconf 74' lang='lat' dir='ltr'>aviditate</span> <span class='ocrx_word' id='word_1_93' title='bbox 925 1727 1014 1768; x_wconf 84' lang='lat' dir='ltr'>vanae</span> <span class='ocrx_word' id='word_1_94' title='bbox 1036 1703 1154 1792; x_wconf 78' lang='lat' dir='ltr'>gloria,</span> <span class='ocrx_word' id='word_1_95' title='bbox 1179 1703 1218 1769; x_wconf 89' lang='lat' dir='ltr'>de</span> <span class='ocrx_word' id='word_1_96' title='bbox 1233 1709 1288 1770; x_wconf 72' lang='lat' dir='ltr'>sud</span> <span class='ocrx_word' id='word_1_97' title='bbox 1302 1703 1408 1791; x_wconf 82' lang='lat' dir='ltr'>stirpe,</span> <span class='ocrx_word' id='word_1_98' title='bbox 1424 1704 1464 1768; x_wconf 92' lang='lat' dir='ltr'>de</span> <span class='ocrx_word' id='word_1_99' title='bbox 1476 1703 1632 1781; x_wconf 72' lang='lat' dir='ltr'>doctrina,</span> 
     </span>
     <span class='ocr_line' id='line_1_12' title="bbox 436 1786 1633 1878; baseline 0.004 -28"><span class='ocrx_word' id='word_1_100' title='bbox 436 1786 631 1876; x_wconf 84' lang='lat' dir='ltr'>descriptis,</span> <span class='ocrx_word' id='word_1_101' title='bbox 656 1788 758 1867; x_wconf 89' lang='lat' dir='ltr'>dietis,</span> <span class='ocrx_word' id='word_1_102' title='bbox 784 1789 933 1868; x_wconf 85' lang='lat' dir='ltr'>dicteriis,</span> <span class='ocrx_word' id='word_1_103' title='bbox 949 1791 1054 1878; x_wconf 84' lang='lat' dir='ltr'>gestis,</span> <span class='ocrx_word' id='word_1_104' title='bbox 1077 1791 1226 1868; x_wconf 86' lang='lat' dir='ltr'>moribus,</span> <span class='ocrx_word' id='word_1_105' title='bbox 1250 1789 1367 1869; x_wconf 87' lang='lat' dir='ltr'>amieis,</span> <span class='ocrx_word' id='word_1_106' title='bbox 1382 1789 1497 1855; x_wconf 73' lang='lat' dir='ltr'>bellica</span> <span class='ocrx_word' id='word_1_107' title='bbox 1510 1789 1633 1878; x_wconf 73' lang='lat' dir='ltr'>peritia,</span> 
     </span>
     <span class='ocr_line' id='line_1_13' title="bbox 434 1875 1633 1964; baseline 0.002 -26"><span class='ocrx_word' id='word_1_108' title='bbox 434 1875 569 1953; x_wconf 76' lang='lat' dir='ltr'>fortuna,</span> <span class='ocrx_word' id='word_1_109' title='bbox 588 1887 621 1940; x_wconf 91' lang='lat' dir='ltr'>et</span> <span class='ocrx_word' id='word_1_110' title='bbox 634 1875 818 1942; x_wconf 89' lang='lat' dir='ltr'>fortitudine</span> <span class='ocrx_word' id='word_1_111' title='bbox 843 1899 970 1942; x_wconf 87' lang='lat' dir='ltr'>suorum</span> <span class='ocrx_word' id='word_1_112' title='bbox 995 1877 1123 1942; x_wconf 80' lang='lat' dir='ltr'>fratrum</span> <span class='ocrx_word' id='word_1_113' title='bbox 1150 1891 1183 1942; x_wconf 90' lang='lat' dir='ltr'>et</span> <span class='ocrx_word' id='word_1_114' title='bbox 1205 1876 1349 1964; x_wconf 81' lang='lat' dir='ltr'>sangrrini</span> <span class='ocrx_word' id='word_1_115' title='bbox 1371 1875 1431 1942; x_wconf 90' lang='lat' dir='ltr'>sibi</span> <span class='ocrx_word' id='word_1_116' title='bbox 1451 1877 1633 1962; x_wconf 87' lang='lat' dir='ltr'>junctorum</span> 
     </span>
     <span class='ocr_line' id='line_1_14' title="bbox 434 1961 1634 2052; baseline 0.004 -28"><span class='ocrx_word' id='word_1_117' title='bbox 434 1961 610 2048; x_wconf 77' lang='lat' dir='ltr'>captanda.</span> <span class='ocrx_word' id='word_1_118' title='bbox 669 1962 749 2043; x_wconf 82' lang='lat' dir='ltr'>Quae</span> <span class='ocrx_word' id='word_1_119' title='bbox 765 1963 897 2029; x_wconf 88' lang='lat' dir='ltr'>aviditas</span> <span class='ocrx_word' id='word_1_120' title='bbox 912 1963 946 2027; x_wconf 93' lang='lat' dir='ltr'>in</span> <span class='ocrx_word' id='word_1_121' title='bbox 961 1963 1030 2028; x_wconf 90' lang='lat' dir='ltr'>aliis</span> <span class='ocrx_word' id='word_1_122' title='bbox 1044 1963 1226 2029; x_wconf 88' lang='lat' dir='ltr'>hominibus</span> <span class='ocrx_word' id='word_1_123' title='bbox 1241 1963 1299 2029; x_wconf 91' lang='lat' dir='ltr'>etsi</span> <span class='ocrx_word' id='word_1_124' title='bbox 1314 1985 1436 2052; x_wconf 83' lang='lat' dir='ltr'>semper</span> <span class='ocrx_word' id='word_1_125' title='bbox 1457 1963 1497 2028; x_wconf 90' lang='lat' dir='ltr'>sit</span> <span class='ocrx_word' id='word_1_126' title='bbox 1518 1963 1634 2050; x_wconf 88' lang='lat' dir='ltr'>cupida</span> 
     </span>
     <span class='ocr_line' id='line_1_15' title="bbox 433 2047 1634 2138; baseline 0.003 -27"><span class='ocrx_word' id='word_1_127' title='bbox 433 2047 545 2125; x_wconf 86' lang='lat' dir='ltr'>laudis,</span> <span class='ocrx_word' id='word_1_128' title='bbox 560 2059 651 2113; x_wconf 89' lang='lat' dir='ltr'>oauta</span> <span class='ocrx_word' id='word_1_129' title='bbox 688 2050 850 2135; x_wconf 84' lang='lat' dir='ltr'>lerhmque</span> <span class='ocrx_word' id='word_1_130' title='bbox 865 2063 980 2128; x_wconf 88' lang='lat' dir='ltr'>tamen,</span> <span class='ocrx_word' id='word_1_131' title='bbox 992 2073 1033 2116; x_wconf 91' lang='lat' dir='ltr'>ne</span> <span class='ocrx_word' id='word_1_132' title='bbox 1048 2051 1169 2116; x_wconf 88' lang='lat' dir='ltr'>disertis</span> <span class='ocrx_word' id='word_1_133' title='bbox 1184 2050 1287 2117; x_wconf 91' lang='lat' dir='ltr'>verbis</span> <span class='ocrx_word' id='word_1_134' title='bbox 1302 2050 1313 2114; x_wconf 93' lang='lat' dir='ltr'>i</span> <span class='ocrx_word' id='word_1_135' title='bbox 1337 2074 1369 2114; x_wconf 90' lang='lat' dir='ltr'>sa</span> <span class='ocrx_word' id='word_1_136' title='bbox 1383 2074 1416 2116; x_wconf 90' lang='lat' dir='ltr'>se</span> <span class='ocrx_word' id='word_1_137' title='bbox 1430 2050 1534 2138; x_wconf 88' lang='lat' dir='ltr'>palam</span> <span class='ocrx_word' id='word_1_138' title='bbox 1550 2051 1634 2138; x_wconf 89' lang='lat' dir='ltr'>apud</span> 
     </span>
     <span class='ocr_line' id='line_1_16' title="bbox 434 2073 1633 2226; baseline 0.003 -29"><span class='ocrx_word' id='word_1_139' title='bbox 434 2156 542 2199; x_wconf 88' lang='lat' dir='ltr'>omues</span> <span class='ocrx_word' id='word_1_140' title='bbox 553 2073 752 2222; x_wconf 87' lang='lat' dir='ltr'>depraedieet,</span> <span class='ocrx_word' id='word_1_141' title='bbox 764 2135 951 2222; x_wconf 91' lang='lat' dir='ltr'>laudemque</span> <span class='ocrx_word' id='word_1_142' title='bbox 963 2136 1094 2202; x_wconf 90' lang='lat' dir='ltr'>aliorum</span> <span class='ocrx_word' id='word_1_143' title='bbox 1109 2151 1267 2226; x_wconf 83' lang='lat' dir='ltr'>expectat.</span> <span class='ocrx_word' id='word_1_144' title='bbox 1304 2075 1353 2202; x_wconf 63' lang='lat' dir='ltr'>dt</span> <span class='ocrx_word' id='word_1_145' title='bbox 1363 2160 1433 2222; x_wconf 82' lang='lat' dir='ltr'>quae</span> <span class='ocrx_word' id='word_1_146' title='bbox 1444 2137 1479 2200; x_wconf 91' lang='lat' dir='ltr'>in</span> <span class='ocrx_word' id='word_1_147' title='bbox 1491 2137 1633 2224; x_wconf 85' lang='lat' dir='ltr'>Gyraldo</span> 
     </span>
     <span class='ocr_line' id='line_1_17' title="bbox 433 2219 1634 2312; baseline 0.003 -28"><span class='ocrx_word' id='word_1_148' title='bbox 433 2219 495 2284; x_wconf 90' lang='lat' dir='ltr'>fuit</span> <span class='ocrx_word' id='word_1_149' title='bbox 509 2244 592 2285; x_wconf 75' lang='lat' dir='ltr'>aurae</span> <span class='ocrx_word' id='word_1_150' title='bbox 605 2221 763 2310; x_wconf 89' lang='lat' dir='ltr'>popularis</span> <span class='ocrx_word' id='word_1_151' title='bbox 779 2223 939 2310; x_wconf 82' lang='lat' dir='ltr'>appetitio,</span> <span class='ocrx_word' id='word_1_152' title='bbox 954 2237 991 2288; x_wconf 91' lang='lat' dir='ltr'>ut</span> <span class='ocrx_word' id='word_1_153' title='bbox 1005 2247 1171 2311; x_wconf 86' lang='lat' dir='ltr'>cognosces</span> <span class='ocrx_word' id='word_1_154' title='bbox 1185 2247 1228 2289; x_wconf 86' lang='lat' dir='ltr'>ex</span> <span class='ocrx_word' id='word_1_155' title='bbox 1242 2223 1339 2312; x_wconf 90' lang='lat' dir='ltr'>ipsius</span> <span class='ocrx_word' id='word_1_156' title='bbox 1354 2221 1544 2288; x_wconf 84' lang='lat' dir='ltr'>confessione</span> <span class='ocrx_word' id='word_1_157' title='bbox 1555 2224 1634 2310; x_wconf 90' lang='lat' dir='ltr'>pub-</span> 
     </span>
     <span class='ocr_line' id='line_1_18' title="bbox 433 2305 1632 2398; baseline 0.003 -28"><span class='ocrx_word' id='word_1_158' title='bbox 433 2305 506 2384; x_wconf 81' lang='lat' dir='ltr'>liet,</span> <span class='ocrx_word' id='word_1_159' title='bbox 520 2307 654 2374; x_wconf 88' lang='lat' dir='ltr'>nescivit</span> <span class='ocrx_word' id='word_1_160' title='bbox 668 2309 814 2374; x_wconf 85' lang='lat' dir='ltr'>desistere</span> <span class='ocrx_word' id='word_1_161' title='bbox 829 2309 882 2374; x_wconf 89' lang='lat' dir='ltr'>scd</span> <span class='ocrx_word' id='word_1_162' title='bbox 897 2309 1011 2398; x_wconf 86' lang='lat' dir='ltr'>passim</span> <span class='ocrx_word' id='word_1_163' title='bbox 1025 2310 1059 2374; x_wconf 92' lang='lat' dir='ltr'>in</span> <span class='ocrx_word' id='word_1_164' title='bbox 1073 2309 1159 2375; x_wconf 89' lang='lat' dir='ltr'>illius</span> <span class='ocrx_word' id='word_1_165' title='bbox 1174 2309 1306 2398; x_wconf 89' lang='lat' dir='ltr'>scriptis,</span> <span class='ocrx_word' id='word_1_166' title='bbox 1329 2333 1391 2375; x_wconf 91' lang='lat' dir='ltr'>non</span> <span class='ocrx_word' id='word_1_167' title='bbox 1409 2323 1483 2374; x_wconf 91' lang='lat' dir='ltr'>voto</span> <span class='ocrx_word' id='word_1_168' title='bbox 1499 2311 1632 2388; x_wconf 82' lang='lat' dir='ltr'>tanthm,</span> 
     </span>
     <span class='ocr_line' id='line_1_19' title="bbox 434 2395 1632 2496; baseline 0.004 -39"><span class='ocrx_word' id='word_1_169' title='bbox 434 2395 545 2458; x_wconf 78' lang='lat' dir='ltr'>verbm</span> <span class='ocrx_word' id='word_1_170' title='bbox 560 2395 677 2481; x_wconf 83' lang='lat' dir='ltr'>absque</span> <span class='ocrx_word' id='word_1_171' title='bbox 692 2396 860 2461; x_wconf 91' lang='lat' dir='ltr'>verborum</span> <span class='ocrx_word' id='word_1_172' title='bbox 875 2396 947 2462; x_wconf 90' lang='lat' dir='ltr'>amb</span> <span class='ocrx_word' id='word_1_173' title='bbox 989 2395 1069 2475; x_wconf 84' lang='lat' dir='ltr'>bus,</span> <span class='ocrx_word' id='word_1_174' title='bbox 1086 2396 1242 2476; x_wconf 79' lang='lat' dir='ltr'>audacter,</span> <span class='ocrx_word' id='word_1_175' title='bbox 1252 2397 1374 2496; x_wconf 69' lang='lat' dir='ltr'>aperte,</span> <span class='ocrx_word' id='word_1_176' title='bbox 1386 2396 1489 2462; x_wconf 88' lang='lat' dir='ltr'>verbis</span> <span class='ocrx_word' id='word_1_177' title='bbox 1500 2395 1632 2474; x_wconf 85' lang='lat' dir='ltr'>disertis,</span> 
     </span>
    </p>
   </div>
   <div class='ocr_carea' id='block_1_3' title="bbox 426 2421 1634 3069">
    <p class='ocr_par' dir='ltr' id='par_1_5' title="bbox 426 2421 1634 3069">
     <span class='ocr_line' id='line_1_20' title="bbox 433 2421 1634 2570; baseline 0.004 -27"><span class='ocrx_word' id='word_1_178' title='bbox 433 2501 498 2545; x_wconf 92' lang='lat' dir='ltr'>non</span> <span class='ocrx_word' id='word_1_179' title='bbox 522 2494 672 2570; x_wconf 78' lang='lat' dir='ltr'>expectat</span> <span class='ocrx_word' id='word_1_180' title='bbox 696 2495 751 2547; x_wconf 90' lang='lat' dir='ltr'>aut</span> <span class='ocrx_word' id='word_1_181' title='bbox 777 2482 909 2570; x_wconf 79' lang='lat' dir='ltr'>expetit,</span> <span class='ocrx_word' id='word_1_182' title='bbox 936 2421 991 2547; x_wconf 65' lang='lat' dir='ltr'>sid</span> <span class='ocrx_word' id='word_1_183' title='bbox 1015 2482 1166 2550; x_wconf 90' lang='lat' dir='ltr'>instanter</span> <span class='ocrx_word' id='word_1_184' title='bbox 1188 2485 1288 2549; x_wconf 89' lang='lat' dir='ltr'>audrrr</span> <span class='ocrx_word' id='word_1_185' title='bbox 1312 2496 1379 2548; x_wconf 89' lang='lat' dir='ltr'>orat</span> <span class='ocrx_word' id='word_1_186' title='bbox 1399 2507 1432 2548; x_wconf 92' lang='lat' dir='ltr'>se</span> <span class='ocrx_word' id='word_1_187' title='bbox 1454 2482 1584 2560; x_wconf 87' lang='lat' dir='ltr'>laudari,</span> <span class='ocrx_word' id='word_1_188' title='bbox 1600 2499 1634 2550; x_wconf 89' lang='lat' dir='ltr'>et</span> 
     </span>
     <span class='ocr_line' id='line_1_21' title="bbox 432 2565 1633 2670; baseline 0.003 -40"><span class='ocrx_word' id='word_1_189' title='bbox 432 2565 558 2654; x_wconf 90' lang='lat' dir='ltr'>scripta,</span> <span class='ocrx_word' id='word_1_190' title='bbox 582 2567 675 2647; x_wconf 88' lang='lat' dir='ltr'>diota,</span> <span class='ocrx_word' id='word_1_191' title='bbox 696 2568 789 2647; x_wconf 87' lang='lat' dir='ltr'>faeta,</span> <span class='ocrx_word' id='word_1_192' title='bbox 811 2592 923 2646; x_wconf 89' lang='lat' dir='ltr'>mores,</span> <span class='ocrx_word' id='word_1_193' title='bbox 947 2569 1129 2648; x_wconf 88' lang='lat' dir='ltr'>doctrinam,</span> <span class='ocrx_word' id='word_1_194' title='bbox 1153 2593 1263 2670; x_wconf 79' lang='lat' dir='ltr'>genus,</span> <span class='ocrx_word' id='word_1_195' title='bbox 1286 2570 1400 2635; x_wconf 90' lang='lat' dir='ltr'>omnia.</span> <span class='ocrx_word' id='word_1_196' title='bbox 1444 2570 1554 2655; x_wconf 90' lang='lat' dir='ltr'>Atque</span> <span class='ocrx_word' id='word_1_197' title='bbox 1573 2593 1633 2668; x_wconf 79' lang='lat' dir='ltr'>ego</span> 
     </span>
     <span class='ocr_line' id='line_1_22' title="bbox 433 2651 1633 2744; baseline 0.004 -28"><span class='ocrx_word' id='word_1_198' title='bbox 433 2651 572 2740; x_wconf 77' lang='lat' dir='ltr'>ingenue</span> <span class='ocrx_word' id='word_1_199' title='bbox 587 2654 694 2733; x_wconf 87' lang='lat' dir='ltr'>fateor,</span> <span class='ocrx_word' id='word_1_200' title='bbox 718 2679 878 2742; x_wconf 89' lang='lat' dir='ltr'>nunquam</span> <span class='ocrx_word' id='word_1_201' title='bbox 894 2655 1033 2720; x_wconf 90' lang='lat' dir='ltr'>animum</span> <span class='ocrx_word' id='word_1_202' title='bbox 1048 2657 1088 2721; x_wconf 90' lang='lat' dir='ltr'>ad</span> <span class='ocrx_word' id='word_1_203' title='bbox 1102 2680 1176 2721; x_wconf 90' lang='lat' dir='ltr'>vam</span> <span class='ocrx_word' id='word_1_204' title='bbox 1191 2657 1286 2743; x_wconf 88' lang='lat' dir='ltr'>hujus</span> <span class='ocrx_word' id='word_1_205' title='bbox 1300 2655 1457 2744; x_wconf 83' lang='lat' dir='ltr'>scriptoris</span> <span class='ocrx_word' id='word_1_206' title='bbox 1477 2656 1633 2734; x_wconf 73' lang='lat' dir='ltr'>vanitatis,</span> 
     </span>
     <span class='ocr_line' id='line_1_23' title="bbox 434 2741 1633 2844; baseline 0.003 -39"><span class='ocrx_word' id='word_1_207' title='bbox 434 2754 467 2805; x_wconf 90' lang='lat' dir='ltr'>et</span> <span class='ocrx_word' id='word_1_208' title='bbox 496 2741 730 2808; x_wconf 87' lang='lat' dir='ltr'>mendaciorum</span> <span class='ocrx_word' id='word_1_209' title='bbox 760 2741 939 2844; x_wconf 88' lang='lat' dir='ltr'>plenissima</span> <span class='ocrx_word' id='word_1_210' title='bbox 967 2743 1081 2832; x_wconf 85' lang='lat' dir='ltr'>scripta</span> <span class='ocrx_word' id='word_1_211' title='bbox 1113 2743 1277 2808; x_wconf 87' lang='lat' dir='ltr'>refutanda</span> <span class='ocrx_word' id='word_1_212' title='bbox 1313 2743 1462 2810; x_wconf 84' lang='lat' dir='ltr'>hactenus</span> <span class='ocrx_word' id='word_1_213' title='bbox 1498 2742 1633 2828; x_wconf 85' lang='lat' dir='ltr'>adjicere</span> 
     </span>
     <span class='ocr_line' id='line_1_24' title="bbox 433 2827 1633 2928; baseline 0.003 -37"><span class='ocrx_word' id='word_1_214' title='bbox 433 2839 607 2928; x_wconf 90' lang='lat' dir='ltr'>potueram,</span> <span class='ocrx_word' id='word_1_215' title='bbox 623 2828 713 2895; x_wconf 89' lang='lat' dir='ltr'>istius</span> <span class='ocrx_word' id='word_1_216' title='bbox 728 2853 828 2896; x_wconf 86' lang='lat' dir='ltr'>serens</span> <span class='ocrx_word' id='word_1_217' title='bbox 844 2843 898 2895; x_wconf 88' lang='lat' dir='ltr'>aut</span> <span class='ocrx_word' id='word_1_218' title='bbox 912 2829 1005 2919; x_wconf 76' lang='lat' dir='ltr'>plane</span> <span class='ocrx_word' id='word_1_219' title='bbox 1020 2829 1098 2894; x_wconf 88' lang='lat' dir='ltr'>mihi</span> <span class='ocrx_word' id='word_1_220' title='bbox 1112 2831 1312 2918; x_wconf 89' lang='lat' dir='ltr'>persuadens,</span> <span class='ocrx_word' id='word_1_221' title='bbox 1327 2827 1496 2908; x_wconf 91' lang='lat' dir='ltr'>neminem,</span> <span class='ocrx_word' id='word_1_222' title='bbox 1505 2828 1565 2894; x_wconf 84' lang='lat' dir='ltr'>nisi</span> <span class='ocrx_word' id='word_1_223' title='bbox 1580 2830 1633 2894; x_wconf 90' lang='lat' dir='ltr'>vel</span> 
     </span>
     <span class='ocr_line' id='line_1_25' title="bbox 426 2914 1632 3069; baseline 0.002 -91"><span class='ocrx_word' id='word_1_224' title='bbox 426 2914 551 3000; x_wconf 65' lang='lat' dir='ltr'>¹qudieio</span> <span class='ocrx_word' id='word_1_225' title='bbox 581 2917 752 2997; x_wconf 90' lang='lat' dir='ltr'>munitum,</span> <span class='ocrx_word' id='word_1_226' title='bbox 783 2917 836 2984; x_wconf 89' lang='lat' dir='ltr'>vel</span> <span class='ocrx_word' id='word_1_227' title='bbox 864 2929 970 2982; x_wconf 92' lang='lat' dir='ltr'>mente</span> <span class='ocrx_word' id='word_1_228' title='bbox 994 2917 1110 3069; x_wconf 76' lang='lat' dir='ltr'>parlim</span> <span class='ocrx_word' id='word_1_229' title='bbox 1139 2917 1293 2984; x_wconf 89' lang='lat' dir='ltr'>benevolo</span> <span class='ocrx_word' id='word_1_230' title='bbox 1318 2915 1494 3004; x_wconf 80' lang='lat' dir='ltr'>praeditum,</span> <span class='ocrx_word' id='word_1_231' title='bbox 1520 2915 1573 2982; x_wconf 89' lang='lat' dir='ltr'>vel</span> <span class='ocrx_word' id='word_1_232' title='bbox 1597 2917 1632 2980; x_wconf 93' lang='lat' dir='ltr'>in</span> 
     </span>
    </p>
   </div>
   <div class='ocr_carea' id='block_1_4' title="bbox 429 3001 1678 4910">
    <p class='ocr_par' dir='ltr' id='par_1_6' title="bbox 429 3001 1678 4910">
     <span class='ocr_line' id='line_1_26' title="bbox 431 3001 1632 3091; baseline 0.002 -27"><span class='ocrx_word' id='word_1_233' title='bbox 431 3001 566 3088; x_wconf 86' lang='lat' dir='ltr'>legendo</span> <span class='ocrx_word' id='word_1_234' title='bbox 588 3001 790 3082; x_wconf 89' lang='lat' dir='ltr'>titubantem,</span> <span class='ocrx_word' id='word_1_235' title='bbox 836 3005 870 3068; x_wconf 89' lang='lat' dir='ltr'>ui</span> <span class='ocrx_word' id='word_1_236' title='bbox 892 3004 992 3091; x_wconf 87' lang='lat' dir='ltr'>Gyral</span> <span class='ocrx_word' id='word_1_237' title='bbox 1015 3027 1070 3068; x_wconf 93' lang='lat' dir='ltr'>um</span> <span class='ocrx_word' id='word_1_238' title='bbox 1085 3003 1119 3068; x_wconf 90' lang='lat' dir='ltr'>in</span> <span class='ocrx_word' id='word_1_239' title='bbox 1133 3003 1196 3070; x_wconf 87' lang='lat' dir='ltr'>suis</span> <span class='ocrx_word' id='word_1_240' title='bbox 1228 3001 1632 3088; x_wconf 83' lang='lat' dir='ltr'>lerhmqueomnibussori·</span> 
     </span>
     <span class='ocr_line' id='line_1_27' title="bbox 430 3027 1631 3188; baseline 0.002 -36"><span class='ocrx_word' id='word_1_241' title='bbox 430 3087 542 3152; x_wconf 90' lang='lat' dir='ltr'>bendis</span> <span class='ocrx_word' id='word_1_242' title='bbox 556 3111 619 3153; x_wconf 92' lang='lat' dir='ltr'>non</span> <span class='ocrx_word' id='word_1_243' title='bbox 634 3090 797 3156; x_wconf 69' lang='lat' dir='ltr'>manifeste</span> <span class='ocrx_word' id='word_1_244' title='bbox 813 3028 1027 3178; x_wconf 81' lang='lat' dir='ltr'>deprehendat</span> <span class='ocrx_word' id='word_1_245' title='bbox 1041 3090 1171 3156; x_wconf 90' lang='lat' dir='ltr'>ductum</span> <span class='ocrx_word' id='word_1_246' title='bbox 1187 3027 1301 3156; x_wconf 76' lang='lat' dir='ltr'>adeam</span> <span class='ocrx_word' id='word_1_247' title='bbox 1315 3089 1415 3177; x_wconf 87' lang='lat' dir='ltr'>magis</span> <span class='ocrx_word' id='word_1_248' title='bbox 1430 3089 1525 3188; x_wconf 75' lang='lat' dir='ltr'>quarn</span> <span class='ocrx_word' id='word_1_249' title='bbox 1540 3088 1631 3154; x_wconf 85' lang='lat' dir='ltr'>intel·</span> 
     </span>
     <span class='ocr_line' id='line_1_28' title="bbox 431 3173 1632 3264; baseline 0.004 -27"><span class='ocrx_word' id='word_1_250' title='bbox 431 3173 517 3238; x_wconf 90' lang='lat' dir='ltr'>lectu</span> <span class='ocrx_word' id='word_1_251' title='bbox 527 3197 641 3252; x_wconf 88' lang='lat' dir='ltr'>rerum,</span> <span class='ocrx_word' id='word_1_252' title='bbox 656 3185 759 3261; x_wconf 79' lang='lat' dir='ltr'>neque</span> <span class='ocrx_word' id='word_1_253' title='bbox 774 3175 834 3263; x_wconf 91' lang='lat' dir='ltr'>ipsi</span> <span class='ocrx_word' id='word_1_254' title='bbox 849 3199 971 3264; x_wconf 89' lang='lat' dir='ltr'>semper</span> <span class='ocrx_word' id='word_1_255' title='bbox 983 3177 1076 3242; x_wconf 90' lang='lat' dir='ltr'>fuisse</span> <span class='ocrx_word' id='word_1_256' title='bbox 1098 3201 1180 3242; x_wconf 85' lang='lat' dir='ltr'>curae</span> <span class='ocrx_word' id='word_1_257' title='bbox 1201 3177 1374 3242; x_wconf 84' lang='lat' dir='ltr'>satisfacere</span> <span class='ocrx_word' id='word_1_258' title='bbox 1387 3174 1513 3240; x_wconf 78' lang='lat' dir='ltr'>veritati</span> <span class='ocrx_word' id='word_1_259' title='bbox 1527 3176 1632 3262; x_wconf 81' lang='lat' dir='ltr'>potihs</span> 
     </span>
     <span class='ocr_line' id='line_1_29' title="bbox 454 3260 1631 3362; baseline 0.004 -39"><span class='ocrx_word' id='word_1_260' title='bbox 454 3283 527 3324; x_wconf 86' lang='lat' dir='ltr'>uam</span> <span class='ocrx_word' id='word_1_261' title='bbox 551 3283 613 3324; x_wconf 78' lang='lat' dir='ltr'>suae</span> <span class='ocrx_word' id='word_1_262' title='bbox 640 3274 673 3325; x_wconf 89' lang='lat' dir='ltr'>et</span> <span class='ocrx_word' id='word_1_263' title='bbox 696 3261 851 3326; x_wconf 86' lang='lat' dir='ltr'>voluntati</span> <span class='ocrx_word' id='word_1_264' title='bbox 875 3275 907 3326; x_wconf 93' lang='lat' dir='ltr'>et</span> <span class='ocrx_word' id='word_1_265' title='bbox 929 3263 1071 3328; x_wconf 85' lang='lat' dir='ltr'>vanitati.</span> <span class='ocrx_word' id='word_1_266' title='bbox 1116 3263 1284 3330; x_wconf 88' lang='lat' dir='ltr'>Neminem</span> <span class='ocrx_word' id='word_1_267' title='bbox 1308 3273 1458 3362; x_wconf 77' lang='lat' dir='ltr'>praterea</span> <span class='ocrx_word' id='word_1_268' title='bbox 1482 3260 1631 3328; x_wconf 85' lang='lat' dir='ltr'>lectorem</span> 
     </span>
     <span class='ocr_line' id='line_1_30' title="bbox 431 3283 1631 3437; baseline 0.004 -27"><span class='ocrx_word' id='word_1_269' title='bbox 431 3283 567 3433; x_wconf 67' lang='lat' dir='ltr'>dymni</span> <span class='ocrx_word' id='word_1_270' title='bbox 579 3359 733 3412; x_wconf 79' lang='lat' dir='ltr'>attentum</span> <span class='ocrx_word' id='word_1_271' title='bbox 745 3347 884 3433; x_wconf 89' lang='lat' dir='ltr'>fore,qui</span> <span class='ocrx_word' id='word_1_272' title='bbox 897 3361 1018 3412; x_wconf 89' lang='lat' dir='ltr'>tantum</span> <span class='ocrx_word' id='word_1_273' title='bbox 1034 3348 1109 3414; x_wconf 91' lang='lat' dir='ltr'>fidei</span> <span class='ocrx_word' id='word_1_274' title='bbox 1123 3349 1184 3437; x_wconf 90' lang='lat' dir='ltr'>ipsi</span> <span class='ocrx_word' id='word_1_275' title='bbox 1199 3349 1317 3416; x_wconf 85' lang='lat' dir='ltr'>dioentr</span> <span class='ocrx_word' id='word_1_276' title='bbox 1332 3348 1440 3414; x_wconf 72' lang='lat' dir='ltr'>secure</span> <span class='ocrx_word' id='word_1_277' title='bbox 1455 3348 1569 3414; x_wconf 86' lang='lat' dir='ltr'>audeat</span> <span class='ocrx_word' id='word_1_278' title='bbox 1583 3373 1631 3415; x_wconf 89' lang='lat' dir='ltr'>ao·</span> 
     </span>
     <span class='ocr_line' id='line_1_31' title="bbox 432 3432 1632 3524; baseline 0.004 -27"><span class='ocrx_word' id='word_1_279' title='bbox 432 3433 641 3512; x_wconf 88' lang='lat' dir='ltr'>commodare,</span> <span class='ocrx_word' id='word_1_280' title='bbox 658 3433 713 3518; x_wconf 92' lang='lat' dir='ltr'>qui</span> <span class='ocrx_word' id='word_1_281' title='bbox 729 3433 782 3499; x_wconf 88' lang='lat' dir='ltr'>vel</span> <span class='ocrx_word' id='word_1_282' title='bbox 796 3432 865 3520; x_wconf 90' lang='lat' dir='ltr'>ipsa</span> <span class='ocrx_word' id='word_1_283' title='bbox 880 3457 955 3498; x_wconf 87' lang='lat' dir='ltr'>vera</span> <span class='ocrx_word' id='word_1_284' title='bbox 970 3457 1039 3520; x_wconf 85' lang='lat' dir='ltr'>quae</span> <span class='ocrx_word' id='word_1_285' title='bbox 1054 3450 1158 3500; x_wconf 90' lang='lat' dir='ltr'>narrat</span> <span class='ocrx_word' id='word_1_286' title='bbox 1168 3449 1310 3524; x_wconf 86' lang='lat' dir='ltr'>suspecta</span> <span class='ocrx_word' id='word_1_287' title='bbox 1319 3433 1431 3501; x_wconf 77' lang='lat' dir='ltr'>meritb</span> <span class='ocrx_word' id='word_1_288' title='bbox 1443 3457 1506 3499; x_wconf 93' lang='lat' dir='ltr'>non</span> <span class='ocrx_word' id='word_1_289' title='bbox 1517 3435 1632 3502; x_wconf 89' lang='lat' dir='ltr'>habeat</span> 
     </span>
     <span class='ocr_line' id='line_1_32' title="bbox 430 3517 1630 3609; baseline 0.005 -27"><span class='ocrx_word' id='word_1_290' title='bbox 430 3517 491 3582; x_wconf 90' lang='lat' dir='ltr'>nisi</span> <span class='ocrx_word' id='word_1_291' title='bbox 506 3517 633 3586; x_wconf 89' lang='lat' dir='ltr'>aliunde</span> <span class='ocrx_word' id='word_1_292' title='bbox 649 3521 744 3605; x_wconf 80' lang='lat' dir='ltr'>qulam</span> <span class='ocrx_word' id='word_1_293' title='bbox 759 3543 802 3585; x_wconf 89' lang='lat' dir='ltr'>ex</span> <span class='ocrx_word' id='word_1_294' title='bbox 816 3519 941 3585; x_wconf 89' lang='lat' dir='ltr'>dicente</span> <span class='ocrx_word' id='word_1_295' title='bbox 957 3520 1099 3608; x_wconf 86' lang='lat' dir='ltr'>Gyraldo</span> <span class='ocrx_word' id='word_1_296' title='bbox 1121 3535 1272 3589; x_wconf 87' lang='lat' dir='ltr'>constent.</span> <span class='ocrx_word' id='word_1_297' title='bbox 1316 3522 1473 3588; x_wconf 82' lang='lat' dir='ltr'>Oaeterum</span> <span class='ocrx_word' id='word_1_298' title='bbox 1494 3520 1630 3609; x_wconf 87' lang='lat' dir='ltr'>legendo</span> 
     </span>
     <span class='ocr_line' id='line_1_33' title="bbox 431 3605 1630 3697; baseline 0.005 -28"><span class='ocrx_word' id='word_1_299' title='bbox 431 3605 589 3670; x_wconf 89' lang='lat' dir='ltr'>variorum</span> <span class='ocrx_word' id='word_1_300' title='bbox 605 3621 767 3672; x_wconf 87' lang='lat' dir='ltr'>auctorum</span> <span class='ocrx_word' id='word_1_301' title='bbox 781 3606 945 3672; x_wconf 87' lang='lat' dir='ltr'>historicos</span> <span class='ocrx_word' id='word_1_302' title='bbox 959 3621 991 3672; x_wconf 89' lang='lat' dir='ltr'>ct</span> <span class='ocrx_word' id='word_1_303' title='bbox 1012 3607 1137 3673; x_wconf 85' lang='lat' dir='ltr'>alterius</span> <span class='ocrx_word' id='word_1_304' title='bbox 1160 3609 1336 3697; x_wconf 85' lang='lat' dir='ltr'>argumenti</span> <span class='ocrx_word' id='word_1_305' title='bbox 1350 3608 1445 3673; x_wconf 91' lang='lat' dir='ltr'>libros</span> <span class='ocrx_word' id='word_1_306' title='bbox 1459 3619 1527 3672; x_wconf 90' lang='lat' dir='ltr'>tum</span> <span class='ocrx_word' id='word_1_307' title='bbox 1543 3608 1630 3675; x_wconf 87' lang='lat' dir='ltr'>here·</span> 
     </span>
     <span class='ocr_line' id='line_1_34' title="bbox 432 3692 1630 3786; baseline 0.003 -28"><span class='ocrx_word' id='word_1_308' title='bbox 432 3692 577 3771; x_wconf 88' lang='lat' dir='ltr'>tioorum,</span> <span class='ocrx_word' id='word_1_309' title='bbox 600 3705 669 3758; x_wconf 92' lang='lat' dir='ltr'>tum</span> <span class='ocrx_word' id='word_1_310' title='bbox 699 3692 925 3760; x_wconf 89' lang='lat' dir='ltr'>catholicorum</span> <span class='ocrx_word' id='word_1_311' title='bbox 952 3694 1157 3782; x_wconf 85' lang='lat' dir='ltr'>deprehendi,</span> <span class='ocrx_word' id='word_1_312' title='bbox 1183 3709 1295 3786; x_wconf 84' lang='lat' dir='ltr'>praeter</span> <span class='ocrx_word' id='word_1_313' title='bbox 1323 3694 1516 3782; x_wconf 88' lang='lat' dir='ltr'>opinionem,</span> <span class='ocrx_word' id='word_1_314' title='bbox 1547 3695 1630 3762; x_wconf 91' lang='lat' dir='ltr'>viros</span> 
     </span>
     <span class='ocr_line' id='line_1_35' title="bbox 431 3778 1630 3868; baseline 0.004 -25"><span class='ocrx_word' id='word_1_315' title='bbox 431 3778 522 3843; x_wconf 87' lang='lat' dir='ltr'>bonae</span> <span class='ocrx_word' id='word_1_316' title='bbox 536 3779 651 3845; x_wconf 86' lang='lat' dir='ltr'>mentis</span> <span class='ocrx_word' id='word_1_317' title='bbox 664 3780 726 3845; x_wconf 91' lang='lat' dir='ltr'>alio</span> <span class='ocrx_word' id='word_1_318' title='bbox 749 3781 804 3844; x_wconf 89' lang='lat' dir='ltr'>uin</span> <span class='ocrx_word' id='word_1_319' title='bbox 820 3805 856 3846; x_wconf 89' lang='lat' dir='ltr'>ao</span> <span class='ocrx_word' id='word_1_320' title='bbox 871 3780 931 3868; x_wconf 80' lang='lat' dir='ltr'>pise</span> <span class='ocrx_word' id='word_1_321' title='bbox 957 3781 1126 3848; x_wconf 88' lang='lat' dir='ltr'>catholicos</span> <span class='ocrx_word' id='word_1_322' title='bbox 1149 3795 1260 3850; x_wconf 76' lang='lat' dir='ltr'>nostra</span> <span class='ocrx_word' id='word_1_323' title='bbox 1283 3781 1389 3861; x_wconf 66' lang='lat' dir='ltr'>astatis</span> <span class='ocrx_word' id='word_1_324' title='bbox 1413 3780 1472 3847; x_wconf 88' lang='lat' dir='ltr'>etsi</span> <span class='ocrx_word' id='word_1_325' title='bbox 1497 3803 1630 3848; x_wconf 84' lang='lat' dir='ltr'>nomem</span> 
     </span>
     <span class='ocr_line' id='line_1_36' title="bbox 431 3805 1631 3978; baseline 0.004 -48"><span class='ocrx_word' id='word_1_326' title='bbox 431 3887 471 3953; x_wconf 90' lang='lat' dir='ltr'>pe</span> <span class='ocrx_word' id='word_1_327' title='bbox 511 3889 612 3945; x_wconf 89' lang='lat' dir='ltr'>ancos,</span> <span class='ocrx_word' id='word_1_328' title='bbox 628 3890 703 3954; x_wconf 84' lang='lat' dir='ltr'>erga</span> <span class='ocrx_word' id='word_1_329' title='bbox 719 3805 853 3955; x_wconf 72' lang='lat' dir='ltr'>(lyraldi</span> <span class='ocrx_word' id='word_1_330' title='bbox 868 3868 991 3978; x_wconf 86' lang='lat' dir='ltr'>scripta,</span> <span class='ocrx_word' id='word_1_331' title='bbox 1008 3891 1079 3954; x_wconf 81' lang='lat' dir='ltr'>quae</span> <span class='ocrx_word' id='word_1_332' title='bbox 1101 3869 1237 3936; x_wconf 87' lang='lat' dir='ltr'>fortassis</span> <span class='ocrx_word' id='word_1_333' title='bbox 1258 3893 1323 3935; x_wconf 92' lang='lat' dir='ltr'>non</span> <span class='ocrx_word' id='word_1_334' title='bbox 1345 3867 1550 3956; x_wconf 88' lang='lat' dir='ltr'>inspexerunt</span> <span class='ocrx_word' id='word_1_335' title='bbox 1570 3868 1631 3956; x_wconf 90' lang='lat' dir='ltr'>ipsi</span> 
     </span>
     <span class='ocr_line' id='line_1_37' title="bbox 432 3953 1630 4042; baseline 0.004 -26"><span class='ocrx_word' id='word_1_336' title='bbox 432 3975 469 4017; x_wconf 93' lang='lat' dir='ltr'>oc</span> <span class='ocrx_word' id='word_1_337' title='bbox 506 3953 530 4017; x_wconf 88' lang='lat' dir='ltr'>&#39;s</span> <span class='ocrx_word' id='word_1_338' title='bbox 545 3953 618 4032; x_wconf 90' lang='lat' dir='ltr'>suis,</span> <span class='ocrx_word' id='word_1_339' title='bbox 634 3954 690 4018; x_wconf 90' lang='lat' dir='ltr'>sed</span> <span class='ocrx_word' id='word_1_340' title='bbox 704 3953 824 4034; x_wconf 88' lang='lat' dir='ltr'>alienis,</span> <span class='ocrx_word' id='word_1_341' title='bbox 847 3953 982 4020; x_wconf 89' lang='lat' dir='ltr'>nimium</span> <span class='ocrx_word' id='word_1_342' title='bbox 997 3969 1149 4041; x_wconf 89' lang='lat' dir='ltr'>quantum</span> <span class='ocrx_word' id='word_1_343' title='bbox 1164 3955 1257 4034; x_wconf 86' lang='lat' dir='ltr'>affici,</span> <span class='ocrx_word' id='word_1_344' title='bbox 1268 3956 1396 4042; x_wconf 88' lang='lat' dir='ltr'>ejusque</span> <span class='ocrx_word' id='word_1_345' title='bbox 1411 3954 1445 4018; x_wconf 93' lang='lat' dir='ltr'>in</span> <span class='ocrx_word' id='word_1_346' title='bbox 1459 3955 1551 4020; x_wconf 88' lang='lat' dir='ltr'>rebus</span> <span class='ocrx_word' id='word_1_347' title='bbox 1566 3979 1630 4021; x_wconf 91' lang='lat' dir='ltr'>non</span> 
     </span>
     <span class='ocr_line' id='line_1_38' title="bbox 431 4039 1629 4127; baseline 0.006 -26"><span class='ocrx_word' id='word_1_348' title='bbox 431 4039 612 4126; x_wconf 89' lang='lat' dir='ltr'>spernendis</span> <span class='ocrx_word' id='word_1_349' title='bbox 627 4039 820 4120; x_wconf 86' lang='lat' dir='ltr'>auctoritate,</span> <span class='ocrx_word' id='word_1_350' title='bbox 835 4039 909 4119; x_wconf 89' lang='lat' dir='ltr'>fide,</span> <span class='ocrx_word' id='word_1_351' title='bbox 920 4040 1044 4127; x_wconf 83' lang='lat' dir='ltr'>judicio</span> <span class='ocrx_word' id='word_1_352' title='bbox 1058 4042 1128 4120; x_wconf 89' lang='lat' dir='ltr'>niti,</span> <span class='ocrx_word' id='word_1_353' title='bbox 1140 4043 1197 4108; x_wconf 90' lang='lat' dir='ltr'>eti</span> <span class='ocrx_word' id='word_1_354' title='bbox 1221 4067 1290 4108; x_wconf 87' lang='lat' dir='ltr'>sum</span> <span class='ocrx_word' id='word_1_355' title='bbox 1304 4065 1368 4106; x_wconf 91' lang='lat' dir='ltr'>non</span> <span class='ocrx_word' id='word_1_356' title='bbox 1381 4040 1514 4106; x_wconf 86' lang='lat' dir='ltr'>modieis</span> <span class='ocrx_word' id='word_1_357' title='bbox 1527 4044 1629 4108; x_wconf 83' lang='lat' dir='ltr'>extol-</span> 
     </span>
     <span class='ocr_line' id='line_1_39' title="bbox 431 4125 1630 4216; baseline 0.005 -27"><span class='ocrx_word' id='word_1_358' title='bbox 431 4125 495 4191; x_wconf 91' lang='lat' dir='ltr'>lere</span> <span class='ocrx_word' id='word_1_359' title='bbox 510 4125 655 4194; x_wconf 89' lang='lat' dir='ltr'>laudibus</span> <span class='ocrx_word' id='word_1_360' title='bbox 669 4139 702 4193; x_wconf 90' lang='lat' dir='ltr'>et</span> <span class='ocrx_word' id='word_1_361' title='bbox 716 4127 823 4193; x_wconf 87' lang='lat' dir='ltr'>audire</span> <span class='ocrx_word' id='word_1_362' title='bbox 846 4128 946 4216; x_wconf 88' lang='lat' dir='ltr'>(apud</span> <span class='ocrx_word' id='word_1_363' title='bbox 969 4128 1162 4194; x_wconf 88' lang='lat' dir='ltr'>Richardum</span> <span class='ocrx_word' id='word_1_364' title='bbox 1210 4129 1419 4194; x_wconf 86' lang='lat' dir='ltr'>tenihurstum</span> <span class='ocrx_word' id='word_1_365' title='bbox 1440 4139 1477 4192; x_wconf 88' lang='lat' dir='ltr'>ut</span> <span class='ocrx_word' id='word_1_366' title='bbox 1498 4127 1630 4195; x_wconf 88' lang='lat' dir='ltr'>aliorum</span> 
     </span>
     <span class='ocr_line' id='line_1_40' title="bbox 432 4213 1630 4302; baseline 0.008 -28"><span class='ocrx_word' id='word_1_367' title='bbox 432 4225 606 4277; x_wconf 89' lang='lat' dir='ltr'>nostrorum</span> <span class='ocrx_word' id='word_1_368' title='bbox 621 4213 807 4302; x_wconf 87' lang='lat' dir='ltr'>scriptorum</span> <span class='ocrx_word' id='word_1_369' title='bbox 822 4215 951 4280; x_wconf 87' lang='lat' dir='ltr'>nomina</span> <span class='ocrx_word' id='word_1_370' title='bbox 965 4219 1099 4302; x_wconf 83' lang='lat' dir='ltr'>taceam)</span> <span class='ocrx_word' id='word_1_371' title='bbox 1116 4225 1135 4255; x_wconf 87' lang='lat'>“</span> <span class='ocrx_word' id='word_1_372' title='bbox 1147 4215 1275 4281; x_wconf 89' lang='lat' dir='ltr'>dootum</span> <span class='ocrx_word' id='word_1_373' title='bbox 1290 4229 1323 4280; x_wconf 89' lang='lat' dir='ltr'>et</span> <span class='ocrx_word' id='word_1_374' title='bbox 1334 4214 1516 4292; x_wconf 90' lang='lat' dir='ltr'>litteratum,</span> <span class='ocrx_word' id='word_1_375' title='bbox 1528 4215 1630 4282; x_wconf 90' lang='lat' dir='ltr'>homi·</span> 
     </span>
     <span class='ocr_line' id='line_1_41' title="bbox 431 4299 1629 4450; baseline 0.005 -88"><span class='ocrx_word' id='word_1_376' title='bbox 431 4299 743 4450; x_wconf 65' lang='lat' dir='ltr'>nempereruditum,</span> <span class='ocrx_word' id='word_1_377' title='bbox 759 4306 944 4367; x_wconf 88' lang='lat' dir='ltr'>acerrimum</span> <span class='ocrx_word' id='word_1_378' title='bbox 959 4306 1119 4368; x_wconf 86' lang='lat' dir='ltr'>vetustatis</span> <span class='ocrx_word' id='word_1_379' title='bbox 1138 4301 1425 4390; x_wconf 81' lang='lat' dir='ltr'>contemplatorem,</span> <span class='ocrx_word' id='word_1_380' title='bbox 1447 4299 1629 4388; x_wconf 86' lang='lat' dir='ltr'>scriptorem</span> 
     </span>
     <span class='ocr_line' id='line_1_42' title="bbox 431 4385 1678 4476; baseline 0.004 -27"><span class='ocrx_word' id='word_1_381' title='bbox 431 4409 495 4450; x_wconf 91' lang='lat' dir='ltr'>non</span> <span class='ocrx_word' id='word_1_382' title='bbox 523 4409 655 4466; x_wconf 87' lang='lat' dir='ltr'>erreum,</span> <span class='ocrx_word' id='word_1_383' title='bbox 671 4386 727 4474; x_wconf 89' lang='lat' dir='ltr'>qui</span> <span class='ocrx_word' id='word_1_384' title='bbox 741 4387 822 4452; x_wconf 88' lang='lat' dir='ltr'>nihil</span> <span class='ocrx_word' id='word_1_385' title='bbox 837 4411 901 4453; x_wconf 91' lang='lat' dir='ltr'>non</span> <span class='ocrx_word' id='word_1_386' title='bbox 923 4389 1099 4454; x_wconf 76' lang='lat' dir='ltr'>doctissime</span> <span class='ocrx_word' id='word_1_387' title='bbox 1121 4388 1201 4453; x_wconf 89' lang='lat' dir='ltr'>nihil</span> <span class='ocrx_word' id='word_1_388' title='bbox 1223 4413 1286 4454; x_wconf 92' lang='lat' dir='ltr'>non</span> <span class='ocrx_word' id='word_1_389' title='bbox 1308 4385 1488 4476; x_wconf 76' lang='lat' dir='ltr'>gravissime</span> <span class='ocrx_word' id='word_1_390' title='bbox 1510 4389 1630 4476; x_wconf 88' lang='lat' dir='ltr'>scripti·</span> <span class='ocrx_word' id='word_1_391' title='bbox 1675 4422 1678 4430; x_wconf 34' lang='grc' dir='ltr'>ι</span> 
     </span>
     <span class='ocr_line' id='line_1_43' title="bbox 430 4471 1629 4563; baseline 0.004 -27"><span class='ocrx_word' id='word_1_392' title='bbox 430 4471 530 4537; x_wconf 53' lang='lat' dir='ltr'>terit?</span> <span class='ocrx_word' id='word_1_393' title='bbox 573 4472 668 4553; x_wconf 83' lang='lat' dir='ltr'>Quia,</span> <span class='ocrx_word' id='word_1_394' title='bbox 682 4485 720 4538; x_wconf 90' lang='lat' dir='ltr'>ut</span> <span class='ocrx_word' id='word_1_395' title='bbox 739 4475 810 4540; x_wconf 75' lang='lat' dir='ltr'>ante</span> <span class='ocrx_word' id='word_1_396' title='bbox 824 4473 1005 4551; x_wconf 90' lang='lat' dir='ltr'>innuebam,</span> <span class='ocrx_word' id='word_1_397' title='bbox 1023 4475 1164 4562; x_wconf 84' lang='lat' dir='ltr'>Gyraldo</span> <span class='ocrx_word' id='word_1_398' title='bbox 1178 4475 1213 4539; x_wconf 91' lang='lat' dir='ltr'>in</span> <span class='ocrx_word' id='word_1_399' title='bbox 1249 4474 1382 4562; x_wconf 90' lang='lat' dir='ltr'>lerisque</span> <span class='ocrx_word' id='word_1_400' title='bbox 1403 4471 1552 4540; x_wconf 86' lang='lat' dir='ltr'>resistunt</span> <span class='ocrx_word' id='word_1_401' title='bbox 1574 4477 1629 4563; x_wconf 93' lang='lat' dir='ltr'>qui</span> 
     </span>
     <span class='ocr_line' id='line_1_44' title="bbox 431 4499 1630 4648; baseline 0.005 -26"><span class='ocrx_word' id='word_1_402' title='bbox 431 4557 559 4625; x_wconf 88' lang='lat' dir='ltr'>omnino</span> <span class='ocrx_word' id='word_1_403' title='bbox 581 4559 729 4626; x_wconf 89' lang='lat' dir='ltr'>audiendi</span> <span class='ocrx_word' id='word_1_404' title='bbox 751 4573 822 4626; x_wconf 87' lang='lat' dir='ltr'>sunt</span> <span class='ocrx_word' id='word_1_405' title='bbox 838 4561 870 4628; x_wconf 88' lang='lat' dir='ltr'>S.</span> <span class='ocrx_word' id='word_1_406' title='bbox 886 4560 1064 4626; x_wconf 89' lang='lat' dir='ltr'>Bernardus</span> <span class='ocrx_word' id='word_1_407' title='bbox 1085 4575 1116 4628; x_wconf 90' lang='lat' dir='ltr'>et</span> <span class='ocrx_word' id='word_1_408' title='bbox 1139 4499 1316 4627; x_wconf 74' lang='lat' dir='ltr'>Gulielmus</span> <span class='ocrx_word' id='word_1_409' title='bbox 1338 4559 1574 4648; x_wconf 87' lang='lat' dir='ltr'>Neubrigensis,</span> <span class='ocrx_word' id='word_1_410' title='bbox 1597 4577 1630 4628; x_wconf 91' lang='lat' dir='ltr'>et</span> 
     </span>
     <span class='ocr_line' id='line_1_45' title="bbox 431 4645 1630 4726; baseline 0.003 -16"><span class='ocrx_word' id='word_1_411' title='bbox 431 4645 486 4710; x_wconf 88' lang='lat' dir='ltr'>elii</span> <span class='ocrx_word' id='word_1_412' title='bbox 500 4645 534 4711; x_wconf 90' lang='lat' dir='ltr'>in</span> <span class='ocrx_word' id='word_1_413' title='bbox 551 4647 644 4712; x_wconf 88' lang='lat' dir='ltr'>rebus</span> <span class='ocrx_word' id='word_1_414' title='bbox 659 4647 862 4714; x_wconf 88' lang='lat' dir='ltr'>attinentibus</span> <span class='ocrx_word' id='word_1_415' title='bbox 877 4649 916 4713; x_wconf 87' lang='lat' dir='ltr'>ad</span> <span class='ocrx_word' id='word_1_416' title='bbox 932 4647 1090 4712; x_wconf 89' lang='lat' dir='ltr'>historiam</span> <span class='ocrx_word' id='word_1_417' title='bbox 1106 4647 1241 4726; x_wconf 80' lang='lat' dir='ltr'>variam3</span> <span class='ocrx_word' id='word_1_418' title='bbox 1264 4648 1298 4713; x_wconf 91' lang='lat' dir='ltr'>in</span> <span class='ocrx_word' id='word_1_419' title='bbox 1316 4647 1385 4713; x_wconf 88' lang='lat' dir='ltr'>aliis</span> <span class='ocrx_word' id='word_1_420' title='bbox 1406 4646 1500 4711; x_wconf 87' lang='lat' dir='ltr'>etiarn</span> <span class='ocrx_word' id='word_1_421' title='bbox 1523 4649 1630 4714; x_wconf 91' lang='lat' dir='ltr'>multis</span> 
     </span>
     <span class='ocr_line' id='line_1_46' title="bbox 430 4732 1629 4822; baseline 0.003 -24"><span class='ocrx_word' id='word_1_422' title='bbox 430 4733 635 4800; x_wconf 87' lang='lat' dir='ltr'>attinentibus</span> <span class='ocrx_word' id='word_1_423' title='bbox 650 4735 690 4799; x_wconf 89' lang='lat' dir='ltr'>ad</span> <span class='ocrx_word' id='word_1_424' title='bbox 711 4732 897 4822; x_wconf 82' lang='lat' dir='ltr'>religionem</span> <span class='ocrx_word' id='word_1_425' title='bbox 920 4747 952 4799; x_wconf 87' lang='lat' dir='ltr'>et</span> <span class='ocrx_word' id='word_1_426' title='bbox 974 4757 1059 4799; x_wconf 86' lang='lat' dir='ltr'>saera</span> <span class='ocrx_word' id='word_1_427' title='bbox 1080 4734 1219 4800; x_wconf 85' lang='lat' dir='ltr'>resistere</span> <span class='ocrx_word' id='word_1_428' title='bbox 1242 4735 1367 4812; x_wconf 89' lang='lat' dir='ltr'>debent,</span> <span class='ocrx_word' id='word_1_429' title='bbox 1390 4745 1545 4818; x_wconf 85' lang='lat' dir='ltr'>quotquot</span> <span class='ocrx_word' id='word_1_430' title='bbox 1565 4759 1629 4801; x_wconf 89' lang='lat' dir='ltr'>non</span> 
     </span>
     <span class='ocr_line' id='line_1_47' title="bbox 429 4817 1629 4910; baseline 0 -23"><span class='ocrx_word' id='word_1_431' title='bbox 429 4817 577 4910; x_wconf 82' lang='lat' dir='ltr'>ignorant</span> <span class='ocrx_word' id='word_1_432' title='bbox 602 4821 778 4910; x_wconf 86' lang='lat' dir='ltr'>Gyraldum</span> <span class='ocrx_word' id='word_1_433' title='bbox 804 4819 1007 4908; x_wconf 87' lang='lat' dir='ltr'>contemptim</span> <span class='ocrx_word' id='word_1_434' title='bbox 1023 4821 1063 4887; x_wconf 91' lang='lat' dir='ltr'>de</span> <span class='ocrx_word' id='word_1_435' title='bbox 1078 4820 1218 4902; x_wconf 72' lang='lat' dir='ltr'>ecelesia,</span> <span class='ocrx_word' id='word_1_436' title='bbox 1233 4821 1438 4888; x_wconf 83' lang='lat' dir='ltr'>irreverenter</span> <span class='ocrx_word' id='word_1_437' title='bbox 1452 4819 1491 4884; x_wconf 90' lang='lat' dir='ltr'>de</span> <span class='ocrx_word' id='word_1_438' title='bbox 1506 4821 1629 4900; x_wconf 85' lang='lat' dir='ltr'>sanctis,</span> 
     </span>
    </p>
   </div>
   <div class='ocr_carea' id='block_1_5' title="bbox 0 0 1872 6054">
    <p class='ocr_par' dir='ltr' id='par_1_7' title="bbox 0 0 1872 6054">
     <span class='ocr_line' id='line_1_48' title="bbox 0 0 1872 6054; baseline 0 0"><span class='ocrx_word' id='word_1_439' title='bbox 0 0 1872 6054; x_wconf 95' lang='lat' dir='ltr'> </span> 
     </span>
    </p>
   </div>
  </div>
 </body>
</html>
