<?xml version="1.0" encoding="UTF-8"?>
<!DOCTYPE html PUBLIC "-//W3C//DTD XHTML 1.0 Transitional//EN"
    "http://www.w3.org/TR/xhtml1/DTD/xhtml1-transitional.dtd">
<html xmlns="http://www.w3.org/1999/xhtml" xml:lang="en" lang="en">
 <head>
  <title>
</title>
<meta http-equiv="Content-Type" content="text/html;charset=utf-8" />
  <meta name='ocr-system' content='tesseract 3.04.00' />
  <meta name='ocr-capabilities' content='ocr_page ocr_carea ocr_par ocr_line ocrx_word'/>
</head>
<body>
  <div class='ocr_page' id='page_1' title='image "apologiaprohibe00kellgoog_0049.png"; bbox 0 0 3736 6054; ppageno 0'>
   <div class='ocr_carea' id='block_1_1' title="bbox 434 379 1864 829">
    <p class='ocr_par' dir='ltr' id='par_1_1' title="bbox 434 379 1864 829">
     <span class='ocr_line' id='line_1_1' title="bbox 434 379 1864 829; baseline -0.004 -21"><span class='ocrx_word' id='word_1_1' title='bbox 434 745 477 808; x_wconf 79' lang='lat'>20</span> <span class='ocrx_word' id='word_1_2' title='bbox 789 757 971 806; x_wconf 75' lang='lat' dir='ltr'>aroucam</span> <span class='ocrx_word' id='word_1_3' title='bbox 993 757 1064 804; x_wconf 83' lang='lat' dir='ltr'>ruo</span> <span class='ocrx_word' id='word_1_4' title='bbox 1087 757 1274 804; x_wconf 81' lang='lat' dir='ltr'>munuum.</span> <span class='ocrx_word' id='word_1_5' title='bbox 1466 740 1559 829; x_wconf 75' lang='lat' dir='ltr'>[cnr.</span> <span class='ocrx_word' id='word_1_6' title='bbox 1575 756 1628 802; x_wconf 89' lang='lat'>111.</span> <span class='ocrx_word' id='word_1_7' title='bbox 1854 379 1864 804; x_wconf 93' lang='lat' dir='ltr'>l</span> 
     </span>
    </p>
   </div>
   <div class='ocr_carea' id='block_1_2' title="bbox 431 911 1633 4397">
    <p class='ocr_par' dir='ltr' id='par_1_2' title="bbox 431 911 1631 2219">
     <span class='ocr_line' id='line_1_2' title="bbox 433 911 1629 1002; baseline -0.002 -22"><span class='ocrx_word' id='word_1_8' title='bbox 433 914 518 980; x_wconf 91' lang='lat' dir='ltr'>modi</span> <span class='ocrx_word' id='word_1_9' title='bbox 527 915 581 996; x_wconf 83' lang='lat' dir='ltr'>(de</span> <span class='ocrx_word' id='word_1_10' title='bbox 593 913 786 1002; x_wconf 88' lang='lat' dir='ltr'>spurcitiiset</span> <span class='ocrx_word' id='word_1_11' title='bbox 796 911 1031 978; x_wconf 80' lang='lat' dir='ltr'><strong>enormitatibus</strong></span> <span class='ocrx_word' id='word_1_12' title='bbox 1045 913 1178 978; x_wconf 81' lang='lat' dir='ltr'>Iberniae</span> <span class='ocrx_word' id='word_1_13' title='bbox 1190 927 1222 980; x_wconf 87' lang='lat' dir='ltr'>et</span> <span class='ocrx_word' id='word_1_14' title='bbox 1231 937 1333 979; x_wconf 87' lang='lat' dir='ltr'>errore</span> <span class='ocrx_word' id='word_1_15' title='bbox 1343 913 1481 978; x_wconf 84' lang='lat' dir='ltr'>ecolesiae</span> <span class='ocrx_word' id='word_1_16' title='bbox 1492 912 1629 978; x_wconf 87' lang='lat' dir='ltr'>militan-</span> 
     </span>
     <span class='ocr_line' id='line_1_3' title="bbox 432 999 1629 1090; baseline -0.003 -23"><span class='ocrx_word' id='word_1_17' title='bbox 432 1003 481 1080; x_wconf 88' lang='lat' dir='ltr'>tis,</span> <span class='ocrx_word' id='word_1_18' title='bbox 492 1027 560 1088; x_wconf 85' lang='lat' dir='ltr'>quae</span> <span class='ocrx_word' id='word_1_19' title='bbox 576 1000 836 1090; x_wconf 65' lang='lat' dir='ltr'>sanctoslbemiae</span> <span class='ocrx_word' id='word_1_20' title='bbox 847 1000 938 1086; x_wconf 84' lang='lat' dir='ltr'>colit)</span> <span class='ocrx_word' id='word_1_21' title='bbox 952 1000 1101 1065; x_wconf 87' lang='lat' dir='ltr'>Mauritio</span> <span class='ocrx_word' id='word_1_22' title='bbox 1110 999 1629 1088; x_wconf 84' lang='lat' dir='ltr'>CassilienaiArchiepiacopo‚viro</span> 
     </span>
     <span class='ocr_line' id='line_1_4' title="bbox 432 1087 1629 1176; baseline -0.002 -22"><span class='ocrx_word' id='word_1_23' title='bbox 432 1091 568 1155; x_wconf 87' lang='lat' dir='ltr'>litterato</span> <span class='ocrx_word' id='word_1_24' title='bbox 577 1102 609 1153; x_wconf 88' lang='lat' dir='ltr'>et</span> <span class='ocrx_word' id='word_1_25' title='bbox 617 1088 781 1166; x_wconf 66' lang='lat' dir='ltr'>discreta*</span> <span class='ocrx_word' id='word_1_26' title='bbox 790 1111 894 1153; x_wconf 87' lang='lat' dir='ltr'>coram</span> <span class='ocrx_word' id='word_1_27' title='bbox 907 1087 1049 1176; x_wconf 85' lang='lat' dir='ltr'>Gyraldo</span> <span class='ocrx_word' id='word_1_28' title='bbox 1059 1087 1197 1152; x_wconf 70' lang='lat' dir='ltr'>ecclesiae</span> <span class='ocrx_word' id='word_1_29' title='bbox 1207 1087 1356 1153; x_wconf 76' lang='lat' dir='ltr'>Romanae</span> <span class='ocrx_word' id='word_1_30' title='bbox 1368 1087 1494 1164; x_wconf 89' lang='lat' dir='ltr'>clerico,</span> <span class='ocrx_word' id='word_1_31' title='bbox 1504 1105 1579 1152; x_wconf 88' lang='lat' dir='ltr'>tunc</span> <span class='ocrx_word' id='word_1_32' title='bbox 1589 1087 1629 1152; x_wconf 88' lang='lat' dir='ltr'>ad</span> 
     </span>
     <span class='ocr_line' id='line_1_5' title="bbox 432 1173 1629 1264; baseline -0.003 -23"><span class='ocrx_word' id='word_1_33' title='bbox 432 1193 534 1264; x_wconf 87' lang='lat' dir='ltr'>partes</span> <span class='ocrx_word' id='word_1_34' title='bbox 543 1175 611 1240; x_wconf 91' lang='lat' dir='ltr'>illas</span> <span class='ocrx_word' id='word_1_35' title='bbox 622 1174 787 1262; x_wconf 80' lang='lat' dir='ltr'>legationis</span> <span class='ocrx_word' id='word_1_36' title='bbox 799 1175 961 1261; x_wconf 87' lang='lat' dir='ltr'>cujusdam</span> <span class='ocrx_word' id='word_1_37' title='bbox 972 1173 1042 1239; x_wconf 90' lang='lat' dir='ltr'>vice</span> <span class='ocrx_word' id='word_1_38' title='bbox 1054 1174 1258 1252; x_wconf 84' lang='lat' dir='ltr'>transmisso,†</span> <span class='ocrx_word' id='word_1_39' title='bbox 1269 1174 1437 1261; x_wconf 89' lang='lat' dir='ltr'>aliquando</span> <span class='ocrx_word' id='word_1_40' title='bbox 1446 1174 1629 1259; x_wconf 86' lang='lat' dir='ltr'>objecissem</span> 
     </span>
     <span class='ocr_line' id='line_1_6' title="bbox 433 1260 1628 1350; baseline -0.002 -22"><span class='ocrx_word' id='word_1_41' title='bbox 433 1277 466 1328; x_wconf 88' lang='lat' dir='ltr'>et</span> <span class='ocrx_word' id='word_1_42' title='bbox 487 1261 526 1327; x_wconf 92' lang='lat' dir='ltr'>de</span> <span class='ocrx_word' id='word_1_43' title='bbox 548 1262 642 1326; x_wconf 89' lang='lat' dir='ltr'>tantis</span> <span class='ocrx_word' id='word_1_44' title='bbox 657 1281 744 1326; x_wconf 71' lang='lat' dir='ltr'>terrae</span> <span class='ocrx_word' id='word_1_45' title='bbox 758 1261 843 1326; x_wconf 88' lang='lat' dir='ltr'>illius</span> <span class='ocrx_word' id='word_1_46' title='bbox 858 1261 1094 1327; x_wconf 75' lang='lat' dir='ltr'><strong>enormitatibus</strong></span> <span class='ocrx_word' id='word_1_47' title='bbox 1108 1261 1142 1325; x_wconf 93' lang='lat' dir='ltr'>in</span> <span class='ocrx_word' id='word_1_48' title='bbox 1157 1262 1299 1350; x_wconf 86' lang='lat' dir='ltr'>praelatos</span> <span class='ocrx_word' id='word_1_49' title='bbox 1323 1260 1479 1350; x_wconf 66' lang='lat' dir='ltr'>praecipue</span> <span class='ocrx_word' id='word_1_50' title='bbox 1503 1262 1628 1348; x_wconf 90' lang='lat' dir='ltr'>culpam</span> 
     </span>
     <span class='ocr_line' id='line_1_7' title="bbox 432 1347 1629 1437; baseline 0 -24"><span class='ocrx_word' id='word_1_51' title='bbox 432 1347 641 1428; x_wconf 80' lang='lat' dir='ltr'>refunderem,</span> <span class='ocrx_word' id='word_1_52' title='bbox 665 1348 890 1414; x_wconf 84' lang='lat' dir='ltr'>validissimum</span> <span class='ocrx_word' id='word_1_53' title='bbox 911 1348 985 1414; x_wconf 91' lang='lat' dir='ltr'>inde</span> <span class='ocrx_word' id='word_1_54' title='bbox 1010 1364 1228 1437; x_wconf 79' lang='lat' dir='ltr'>argumentum</span> <span class='ocrx_word' id='word_1_55' title='bbox 1251 1372 1386 1426; x_wconf 87' lang='lat' dir='ltr'>sumens,</span> <span class='ocrx_word' id='word_1_56' title='bbox 1412 1347 1499 1433; x_wconf 84' lang='lat' dir='ltr'>quhd</span> <span class='ocrx_word' id='word_1_57' title='bbox 1524 1349 1629 1414; x_wconf 83' lang='lat' dir='ltr'>nuhaa</span> 
     </span>
     <span class='ocr_line' id='line_1_8' title="bbox 432 1435 1630 1524; baseline 0 -24"><span class='ocrx_word' id='word_1_58' title='bbox 432 1460 571 1523; x_wconf 89' lang='lat' dir='ltr'>unquam</span> <span class='ocrx_word' id='word_1_59' title='bbox 592 1435 627 1499; x_wconf 89' lang='lat' dir='ltr'>in</span> <span class='ocrx_word' id='word_1_60' title='bbox 649 1459 744 1523; x_wconf 90' lang='lat' dir='ltr'>regno</span> <span class='ocrx_word' id='word_1_61' title='bbox 765 1435 821 1500; x_wconf 93' lang='lat' dir='ltr'>illo</span> <span class='ocrx_word' id='word_1_62' title='bbox 843 1459 900 1522; x_wconf 89' lang='lat' dir='ltr'>pro</span> <span class='ocrx_word' id='word_1_63' title='bbox 922 1435 1052 1501; x_wconf 71' lang='lat' dir='ltr'>ecclesia</span> <span class='ocrx_word' id='word_1_64' title='bbox 1075 1435 1136 1500; x_wconf 88' lang='lat' dir='ltr'>Dei</span> <span class='ocrx_word' id='word_1_65' title='bbox 1158 1435 1300 1523; x_wconf 84' lang='lat' dir='ltr'>martyrii</span> <span class='ocrx_word' id='word_1_66' title='bbox 1321 1459 1466 1502; x_wconf 84' lang='lat' dir='ltr'>coronam</span> <span class='ocrx_word' id='word_1_67' title='bbox 1500 1436 1630 1524; x_wconf 89' lang='lat' dir='ltr'>adeptus</span> 
     </span>
     <span class='ocr_line' id='line_1_9' title="bbox 432 1521 1628 1608; baseline 0.001 -21"><span class='ocrx_word' id='word_1_68' title='bbox 432 1537 520 1601; x_wconf 89' lang='lat' dir='ltr'>esset,</span> <span class='ocrx_word' id='word_1_69' title='bbox 544 1523 670 1608; x_wconf 72' lang='lat' dir='ltr'>oblique</span> <span class='ocrx_word' id='word_1_70' title='bbox 692 1521 766 1588; x_wconf 89' lang='lat' dir='ltr'>satis</span> <span class='ocrx_word' id='word_1_71' title='bbox 788 1523 876 1588; x_wconf 89' lang='lat' dir='ltr'>etad</span> <span class='ocrx_word' id='word_1_72' title='bbox 901 1521 1063 1588; x_wconf 90' lang='lat' dir='ltr'>hominem</span> <span class='ocrx_word' id='word_1_73' title='bbox 1087 1522 1210 1588; x_wconf 87' lang='lat' dir='ltr'>solvens</span> <span class='ocrx_word' id='word_1_74' title='bbox 1232 1546 1296 1587; x_wconf 89' lang='lat' dir='ltr'>non</span> <span class='ocrx_word' id='word_1_75' title='bbox 1319 1523 1360 1587; x_wconf 88' lang='lat' dir='ltr'>ad</span> <span class='ocrx_word' id='word_1_76' title='bbox 1383 1521 1563 1600; x_wconf 88' lang='lat' dir='ltr'>orationem,</span> <span class='ocrx_word' id='word_1_77' title='bbox 1579 1547 1628 1588; x_wconf 88' lang='lat' dir='ltr'>re-</span> 
     </span>
     <span class='ocr_line' id='line_1_10' title="bbox 432 1609 1628 1709; baseline 0.002 -35"><span class='ocrx_word' id='word_1_78' title='bbox 432 1609 577 1697; x_wconf 79' lang='lat' dir='ltr'>spondit!</span> <span class='ocrx_word' id='word_1_79' title='bbox 622 1609 744 1675; x_wconf 89' lang='lat' dir='ltr'>Verum</span> <span class='ocrx_word' id='word_1_80' title='bbox 759 1623 805 1674; x_wconf 89' lang='lat' dir='ltr'>est</span> <span class='ocrx_word' id='word_1_81' title='bbox 820 1609 975 1695; x_wconf 88' lang='lat' dir='ltr'>inquiens,</span> <span class='ocrx_word' id='word_1_82' title='bbox 990 1609 1065 1696; x_wconf 88' lang='lat' dir='ltr'>quia</span> <span class='ocrx_word' id='word_1_83' title='bbox 1079 1609 1154 1675; x_wconf 69' lang='lat' dir='ltr'>licet</span> <span class='ocrx_word' id='word_1_84' title='bbox 1167 1633 1244 1709; x_wconf 87' lang='lat' dir='ltr'>gens</span> <span class='ocrx_word' id='word_1_85' title='bbox 1259 1623 1363 1674; x_wconf 89' lang='lat' dir='ltr'>nostra</span> <span class='ocrx_word' id='word_1_86' title='bbox 1383 1611 1514 1675; x_wconf 89' lang='lat' dir='ltr'>barbara</span> <span class='ocrx_word' id='word_1_87' title='bbox 1535 1611 1628 1677; x_wconf 86' lang='lat' dir='ltr'>nimis</span> 
     </span>
     <span class='ocr_line' id='line_1_11' title="bbox 432 1695 1629 1786; baseline 0.002 -24"><span class='ocrx_word' id='word_1_88' title='bbox 432 1715 465 1762; x_wconf 89' lang='lat' dir='ltr'>et</span> <span class='ocrx_word' id='word_1_89' title='bbox 479 1696 598 1762; x_wconf 89' lang='lat' dir='ltr'>inculta</span> <span class='ocrx_word' id='word_1_90' title='bbox 613 1721 679 1762; x_wconf 88' lang='lat' dir='ltr'>esse</span> <span class='ocrx_word' id='word_1_91' title='bbox 694 1696 846 1774; x_wconf 86' lang='lat' dir='ltr'>videatur,</span> <span class='ocrx_word' id='word_1_92' title='bbox 863 1696 937 1760; x_wconf 88' lang='lat' dir='ltr'>viris</span> <span class='ocrx_word' id='word_1_93' title='bbox 951 1710 1056 1761; x_wconf 88' lang='lat' dir='ltr'>tamen</span> <span class='ocrx_word' id='word_1_94' title='bbox 1071 1695 1284 1762; x_wconf 73' lang='lat' dir='ltr'>ecclesiasticis</span> <span class='ocrx_word' id='word_1_95' title='bbox 1306 1696 1456 1762; x_wconf 89' lang='lat' dir='ltr'>honorem</span> <span class='ocrx_word' id='word_1_96' title='bbox 1479 1721 1629 1786; x_wconf 86' lang='lat' dir='ltr'>magnum</span> 
     </span>
     <span class='ocr_line' id='line_1_12' title="bbox 432 1783 1630 1872; baseline 0 -23"><span class='ocrx_word' id='word_1_97' title='bbox 432 1799 465 1849; x_wconf 89' lang='lat' dir='ltr'>et</span> <span class='ocrx_word' id='word_1_98' title='bbox 487 1783 694 1850; x_wconf 89' lang='lat' dir='ltr'>reverentiam</span> <span class='ocrx_word' id='word_1_99' title='bbox 721 1807 842 1872; x_wconf 88' lang='lat' dir='ltr'>semper</span> <span class='ocrx_word' id='word_1_100' title='bbox 865 1785 1016 1849; x_wconf 85' lang='lat' dir='ltr'>exhibere</span> <span class='ocrx_word' id='word_1_101' title='bbox 1031 1783 1183 1864; x_wconf 87' lang='lat' dir='ltr'>solebant,</span> <span class='ocrx_word' id='word_1_102' title='bbox 1199 1797 1232 1849; x_wconf 88' lang='lat' dir='ltr'>et</span> <span class='ocrx_word' id='word_1_103' title='bbox 1253 1783 1288 1848; x_wconf 90' lang='lat' dir='ltr'>in</span> <span class='ocrx_word' id='word_1_104' title='bbox 1311 1799 1431 1849; x_wconf 88' lang='lat' dir='ltr'>sanctos</span> <span class='ocrx_word' id='word_1_105' title='bbox 1458 1783 1521 1849; x_wconf 87' lang='lat' dir='ltr'>Dei</span> <span class='ocrx_word' id='word_1_106' title='bbox 1541 1785 1630 1850; x_wconf 74' lang='lat' dir='ltr'>nullu</span> 
     </span>
     <span class='ocr_line' id='line_1_13' title="bbox 433 1870 1629 1958; baseline 0.001 -22"><span class='ocrx_word' id='word_1_107' title='bbox 433 1870 595 1936; x_wconf 76' lang='lat' dir='ltr'>occasione</span> <span class='ocrx_word' id='word_1_108' title='bbox 618 1895 746 1935; x_wconf 89' lang='lat' dir='ltr'>manum</span> <span class='ocrx_word' id='word_1_109' title='bbox 770 1871 951 1937; x_wconf 74' lang='lat' dir='ltr'>extendere.</span> <span class='ocrx_word' id='word_1_110' title='bbox 1008 1870 1071 1936; x_wconf 88' lang='lat' dir='ltr'>Sed</span> <span class='ocrx_word' id='word_1_111' title='bbox 1093 1872 1232 1936; x_wconf 90' lang='lat' dir='ltr'>nuncin</span> <span class='ocrx_word' id='word_1_112' title='bbox 1253 1895 1384 1958; x_wconf 87' lang='lat' dir='ltr'>regnum</span> <span class='ocrx_word' id='word_1_113' title='bbox 1407 1895 1485 1958; x_wconf 89' lang='lat' dir='ltr'>gens</span> <span class='ocrx_word' id='word_1_114' title='bbox 1500 1872 1629 1937; x_wconf 82' lang='lat' dir='ltr'>advenit</span> 
     </span>
     <span class='ocr_line' id='line_1_14' title="bbox 433 1957 1628 2046; baseline 0.001 -24"><span class='ocrx_word' id='word_1_115' title='bbox 433 1960 562 2046; x_wconf 82' lang='lat' dir='ltr'>(nempe</span> <span class='ocrx_word' id='word_1_116' title='bbox 585 1958 775 2045; x_wconf 83' lang='lat' dir='ltr'>Anglorum.</span> <span class='ocrx_word' id='word_1_117' title='bbox 795 1957 850 2045; x_wconf 91' lang='lat' dir='ltr'>qui</span> <span class='ocrx_word' id='word_1_118' title='bbox 872 1973 886 2022; x_wconf 91' lang='lat' dir='ltr'>t</span> <span class='ocrx_word' id='word_1_119' title='bbox 908 1957 1034 2023; x_wconf 76' lang='lat' dir='ltr'>muniet</span> <span class='ocrx_word' id='word_1_120' title='bbox 1056 1957 1238 2023; x_wconf 86' lang='lat' dir='ltr'>invaserunt</span> <span class='ocrx_word' id='word_1_121' title='bbox 1252 1971 1284 2023; x_wconf 91' lang='lat' dir='ltr'>et</span> <span class='ocrx_word' id='word_1_122' title='bbox 1299 1972 1530 2046; x_wconf 87' lang='lat' dir='ltr'>occupaverunt</span> <span class='ocrx_word' id='word_1_123' title='bbox 1543 1959 1628 2025; x_wconf 91' lang='lat' dir='ltr'>Iber-</span> 
     </span>
     <span class='ocr_line' id='line_1_15' title="bbox 431 1983 1631 2132; baseline 0.001 -22"><span class='ocrx_word' id='word_1_124' title='bbox 431 2045 532 2130; x_wconf 83' lang='lat' dir='ltr'>niam)</span> <span class='ocrx_word' id='word_1_125' title='bbox 556 2069 626 2130; x_wconf 88' lang='lat' dir='ltr'>quae</span> <span class='ocrx_word' id='word_1_126' title='bbox 648 2057 799 2132; x_wconf 87' lang='lat' dir='ltr'>martyres</span> <span class='ocrx_word' id='word_1_127' title='bbox 821 2061 853 2110; x_wconf 89' lang='lat' dir='ltr'>et</span> <span class='ocrx_word' id='word_1_128' title='bbox 874 1983 976 2110; x_wconf 66' lang='lat' dir='ltr'>licere</span> <span class='ocrx_word' id='word_1_129' title='bbox 997 2045 1087 2109; x_wconf 89' lang='lat' dir='ltr'>novit</span> <span class='ocrx_word' id='word_1_130' title='bbox 1108 2059 1139 2109; x_wconf 89' lang='lat' dir='ltr'>et</span> <span class='ocrx_word' id='word_1_131' title='bbox 1155 2044 1333 2123; x_wconf 70' lang='lat' dir='ltr'>corrsucvitss</span> <span class='ocrx_word' id='word_1_132' title='bbox 1348 2059 1381 2110; x_wconf 86' lang='lat' dir='ltr'>ct</span> <span class='ocrx_word' id='word_1_133' title='bbox 1395 2045 1488 2110; x_wconf 85' lang='lat' dir='ltr'>modb</span> <span class='ocrx_word' id='word_1_134' title='bbox 1504 2045 1631 2112; x_wconf 76' lang='lat' dir='ltr'>Ibernio</span> 
     </span>
     <span class='ocr_line' id='line_1_16' title="bbox 437 2132 1143 2219; baseline -0.003 -21"><span class='ocrx_word' id='word_1_135' title='bbox 437 2132 518 2198; x_wconf 91' lang='lat' dir='ltr'>sicut</span> <span class='ocrx_word' id='word_1_136' title='bbox 533 2145 565 2198; x_wconf 89' lang='lat' dir='ltr'>et</span> <span class='ocrx_word' id='word_1_137' title='bbox 579 2132 647 2198; x_wconf 76' lang='lat' dir='ltr'>alise</span> <span class='ocrx_word' id='word_1_138' title='bbox 663 2132 805 2219; x_wconf 85' lang='lat' dir='ltr'>regiones</span> <span class='ocrx_word' id='word_1_139' title='bbox 819 2145 969 2218; x_wconf 88' lang='lat' dir='ltr'>martyres</span> <span class='ocrx_word' id='word_1_140' title='bbox 983 2132 1143 2196; x_wconf 88' lang='lat' dir='ltr'>habebit.’&#39;</span> 
     </span>
    </p>

    <p class='ocr_par' dir='ltr' id='par_1_3' title="bbox 431 2218 1633 4397">
     <span class='ocr_line' id='line_1_17' title="bbox 476 2218 1630 2307; baseline 0.001 -23"><span class='ocrx_word' id='word_1_141' title='bbox 476 2219 691 2296; x_wconf 87' lang='lat' dir='ltr'>Promiseram,</span> <span class='ocrx_word' id='word_1_142' title='bbox 709 2218 815 2307; x_wconf 87' lang='lat' dir='ltr'>paucis</span> <span class='ocrx_word' id='word_1_143' title='bbox 829 2219 964 2307; x_wconf 80' lang='lat' dir='ltr'>etplenb</span> <span class='ocrx_word' id='word_1_144' title='bbox 985 2219 1212 2284; x_wconf 82' lang='lat' dir='ltr'>satisfacturum</span> <span class='ocrx_word' id='word_1_145' title='bbox 1235 2241 1286 2283; x_wconf 92' lang='lat' dir='ltr'>me</span> <span class='ocrx_word' id='word_1_146' title='bbox 1308 2229 1400 2283; x_wconf 87' lang='lat' dir='ltr'>cauto</span> <span class='ocrx_word' id='word_1_147' title='bbox 1423 2229 1455 2284; x_wconf 88' lang='lat' dir='ltr'>et</span> <span class='ocrx_word' id='word_1_148' title='bbox 1476 2219 1630 2286; x_wconf 87' lang='lat' dir='ltr'>catholico</span> 
     </span>
     <span class='ocr_line' id='line_1_18' title="bbox 431 2305 1631 2394; baseline 0 -22"><span class='ocrx_word' id='word_1_149' title='bbox 431 2305 540 2372; x_wconf 89' lang='lat' dir='ltr'>lectori</span> <span class='ocrx_word' id='word_1_150' title='bbox 563 2319 626 2385; x_wconf 91' lang='lat' dir='ltr'>tuo,</span> <span class='ocrx_word' id='word_1_151' title='bbox 650 2305 802 2394; x_wconf 85' lang='lat' dir='ltr'>Gyralde,</span> <span class='ocrx_word' id='word_1_152' title='bbox 817 2321 849 2371; x_wconf 89' lang='lat' dir='ltr'>et</span> <span class='ocrx_word' id='word_1_153' title='bbox 863 2305 1058 2384; x_wconf 76' lang='lat' dir='ltr'>convincere,</span> <span class='ocrx_word' id='word_1_154' title='bbox 1074 2319 1105 2371; x_wconf 89' lang='lat' dir='ltr'>te</span> <span class='ocrx_word' id='word_1_155' title='bbox 1121 2305 1255 2370; x_wconf 72' lang='lat' dir='ltr'>scienter</span> <span class='ocrx_word' id='word_1_156' title='bbox 1268 2305 1375 2371; x_wconf 81' lang='lat' dir='ltr'>fallere</span> <span class='ocrx_word' id='word_1_157' title='bbox 1390 2305 1523 2372; x_wconf 86' lang='lat' dir='ltr'>voluisse</span> <span class='ocrx_word' id='word_1_158' title='bbox 1538 2307 1631 2373; x_wconf 89' lang='lat' dir='ltr'>libro·</span> 
     </span>
     <span class='ocr_line' id='line_1_19' title="bbox 431 2392 1631 2471; baseline 0.002 -13"><span class='ocrx_word' id='word_1_159' title='bbox 431 2417 501 2458; x_wconf 92' lang='lat' dir='ltr'>rum</span> <span class='ocrx_word' id='word_1_160' title='bbox 532 2407 704 2458; x_wconf 85' lang='lat' dir='ltr'>vestrorum</span> <span class='ocrx_word' id='word_1_161' title='bbox 734 2392 873 2471; x_wconf 88' lang='lat' dir='ltr'>lectores,</span> <span class='ocrx_word' id='word_1_162' title='bbox 904 2407 936 2458; x_wconf 87' lang='lat' dir='ltr'>et</span> <span class='ocrx_word' id='word_1_163' title='bbox 961 2392 1095 2458; x_wconf 88' lang='lat' dir='ltr'>scienter</span> <span class='ocrx_word' id='word_1_164' title='bbox 1120 2392 1221 2458; x_wconf 88' lang='lat' dir='ltr'>videri</span> <span class='ocrx_word' id='word_1_165' title='bbox 1244 2392 1391 2470; x_wconf 86' lang='lat' dir='ltr'>voluisse,</span> <span class='ocrx_word' id='word_1_166' title='bbox 1406 2393 1514 2460; x_wconf 90' lang='lat' dir='ltr'>multis</span> <span class='ocrx_word' id='word_1_167' title='bbox 1539 2395 1631 2460; x_wconf 87' lang='lat' dir='ltr'>rebus</span> 
     </span>
     <span class='ocr_line' id='line_1_20' title="bbox 432 2480 1631 2578; baseline 0.002 -34"><span class='ocrx_word' id='word_1_168' title='bbox 432 2483 596 2546; x_wconf 83' lang='lat' dir='ltr'>obscurare</span> <span class='ocrx_word' id='word_1_169' title='bbox 612 2503 727 2544; x_wconf 86' lang='lat' dir='ltr'>nomen</span> <span class='ocrx_word' id='word_1_170' title='bbox 741 2493 774 2545; x_wconf 87' lang='lat' dir='ltr'>et</span> <span class='ocrx_word' id='word_1_171' title='bbox 788 2480 947 2546; x_wconf 85' lang='lat' dir='ltr'>nationem</span> <span class='ocrx_word' id='word_1_172' title='bbox 963 2481 1163 2545; x_wconf 83' lang='lat' dir='ltr'>Ibemorum:</span> <span class='ocrx_word' id='word_1_173' title='bbox 1186 2503 1256 2578; x_wconf 76' lang='lat' dir='ltr'>quae</span> <span class='ocrx_word' id='word_1_174' title='bbox 1278 2503 1318 2545; x_wconf 90' lang='lat' dir='ltr'>an</span> <span class='ocrx_word' id='word_1_175' title='bbox 1339 2495 1547 2546; x_wconf 85' lang='lat' dir='ltr'>consentanea</span> <span class='ocrx_word' id='word_1_176' title='bbox 1567 2481 1631 2547; x_wconf 88' lang='lat' dir='ltr'>sint</span> 
     </span>
     <span class='ocr_line' id='line_1_21' title="bbox 431 2565 1630 2646; baseline 0.002 -14"><span class='ocrx_word' id='word_1_177' title='bbox 431 2566 553 2632; x_wconf 83' lang='lat' dir='ltr'>caritati</span> <span class='ocrx_word' id='word_1_178' title='bbox 576 2582 609 2631; x_wconf 91' lang='lat' dir='ltr'>et</span> <span class='ocrx_word' id='word_1_179' title='bbox 634 2565 803 2632; x_wconf 80' lang='lat' dir='ltr'>sinceritati</span> <span class='ocrx_word' id='word_1_180' title='bbox 827 2566 1013 2646; x_wconf 78' lang='lat' dir='ltr'>christianae,</span> <span class='ocrx_word' id='word_1_181' title='bbox 1040 2581 1075 2632; x_wconf 88' lang='lat' dir='ltr'>tu</span> <span class='ocrx_word' id='word_1_182' title='bbox 1101 2566 1239 2631; x_wconf 85' lang='lat' dir='ltr'>videns?</span> <span class='ocrx_word' id='word_1_183' title='bbox 1294 2567 1346 2632; x_wconf 85' lang='lat' dir='ltr'>En</span> <span class='ocrx_word' id='word_1_184' title='bbox 1370 2566 1474 2632; x_wconf 87' lang='lat' dir='ltr'>ordior</span> <span class='ocrx_word' id='word_1_185' title='bbox 1498 2567 1630 2634; x_wconf 87' lang='lat' dir='ltr'>liberare</span> 
     </span>
     <span class='ocr_line' id='line_1_22' title="bbox 432 2653 1631 2740; baseline 0.003 -22"><span class='ocrx_word' id='word_1_186' title='bbox 432 2653 527 2718; x_wconf 85' lang='lat' dir='ltr'>fidem</span> <span class='ocrx_word' id='word_1_187' title='bbox 543 2653 664 2732; x_wconf 74' lang='lat' dir='ltr'>datam,</span> <span class='ocrx_word' id='word_1_188' title='bbox 687 2654 741 2732; x_wconf 89' lang='lat' dir='ltr'>ais,</span> <span class='ocrx_word' id='word_1_189' title='bbox 757 2677 797 2720; x_wconf 91' lang='lat' dir='ltr'>ne</span> <span class='ocrx_word' id='word_1_190' title='bbox 813 2654 864 2719; x_wconf 89' lang='lat' dir='ltr'>vel</span> <span class='ocrx_word' id='word_1_191' title='bbox 879 2677 980 2719; x_wconf 92' lang='lat' dir='ltr'>unum</span> <span class='ocrx_word' id='word_1_192' title='bbox 1002 2678 1112 2719; x_wconf 84' lang='lat' dir='ltr'>verum</span> <span class='ocrx_word' id='word_1_193' title='bbox 1129 2653 1247 2718; x_wconf 81' lang='lat' dir='ltr'>Christi</span> <span class='ocrx_word' id='word_1_194' title='bbox 1262 2667 1431 2740; x_wconf 85' lang='lat' dir='ltr'>martyrem</span> <span class='ocrx_word' id='word_1_195' title='bbox 1454 2654 1555 2720; x_wconf 84' lang='lat' dir='ltr'>visum</span> <span class='ocrx_word' id='word_1_196' title='bbox 1575 2669 1631 2721; x_wconf 87' lang='lat' dir='ltr'>aut</span> 
     </span>
     <span class='ocr_line' id='line_1_23' title="bbox 432 2741 1631 2830; baseline 0 -24"><span class='ocrx_word' id='word_1_197' title='bbox 432 2741 575 2807; x_wconf 86' lang='lat' dir='ltr'>auditum</span> <span class='ocrx_word' id='word_1_198' title='bbox 586 2741 678 2807; x_wconf 85' lang='lat' dir='ltr'>fuisse</span> <span class='ocrx_word' id='word_1_199' title='bbox 693 2741 727 2805; x_wconf 90' lang='lat' dir='ltr'>in</span> <span class='ocrx_word' id='word_1_200' title='bbox 739 2741 875 2820; x_wconf 78' lang='lat' dir='ltr'>Ibernih,</span> <span class='ocrx_word' id='word_1_201' title='bbox 892 2756 946 2806; x_wconf 89' lang='lat' dir='ltr'>aut</span> <span class='ocrx_word' id='word_1_202' title='bbox 960 2765 1003 2806; x_wconf 87' lang='lat' dir='ltr'>ex</span> <span class='ocrx_word' id='word_1_203' title='bbox 1018 2741 1161 2818; x_wconf 74' lang='lat' dir='ltr'>Ibemib3</span> <span class='ocrx_word' id='word_1_204' title='bbox 1185 2765 1290 2826; x_wconf 90' lang='lat' dir='ltr'>quam,</span> <span class='ocrx_word' id='word_1_205' title='bbox 1301 2753 1338 2805; x_wconf 94' lang='lat' dir='ltr'>ut</span> <span class='ocrx_word' id='word_1_206' title='bbox 1349 2755 1383 2805; x_wconf 91' lang='lat' dir='ltr'>tu</span> <span class='ocrx_word' id='word_1_207' title='bbox 1394 2741 1475 2805; x_wconf 90' lang='lat' dir='ltr'>nosti</span> <span class='ocrx_word' id='word_1_208' title='bbox 1490 2755 1522 2807; x_wconf 90' lang='lat' dir='ltr'>et</span> <span class='ocrx_word' id='word_1_209' title='bbox 1536 2743 1631 2830; x_wconf 87' lang='lat' dir='ltr'>serip-</span> 
     </span>
     <span class='ocr_line' id='line_1_24' title="bbox 432 2827 1631 2913; baseline 0.001 -20"><span class='ocrx_word' id='word_1_210' title='bbox 432 2827 507 2908; x_wconf 88' lang='lat' dir='ltr'>sisti,</span> <span class='ocrx_word' id='word_1_211' title='bbox 522 2843 644 2894; x_wconf 82' lang='lat' dir='ltr'>veteres</span> <span class='ocrx_word' id='word_1_212' title='bbox 658 2829 813 2894; x_wconf 79' lang='lat' dir='ltr'>vocabant</span> <span class='ocrx_word' id='word_1_213' title='bbox 827 2840 846 2868; x_wconf 78' lang='lat'>‘⁸</span> <span class='ocrx_word' id='word_1_214' title='bbox 860 2829 998 2895; x_wconf 87' lang='lat' dir='ltr'>Scotiam</span> <span class='ocrx_word' id='word_1_215' title='bbox 1014 2829 1178 2907; x_wconf 88' lang='lat' dir='ltr'>veterem,’&#39;</span> <span class='ocrx_word' id='word_1_216' title='bbox 1193 2827 1258 2893; x_wconf 84' lang='lat' dir='ltr'>sive</span> <span class='ocrx_word' id='word_1_217' title='bbox 1275 2839 1293 2867; x_wconf 90' lang='lat'>“</span> <span class='ocrx_word' id='word_1_218' title='bbox 1304 2828 1470 2913; x_wconf 87' lang='lat' dir='ltr'>majorem”</span> <span class='ocrx_word' id='word_1_219' title='bbox 1491 2843 1545 2893; x_wconf 88' lang='lat' dir='ltr'>aut</span> <span class='ocrx_word' id='word_1_220' title='bbox 1566 2853 1631 2895; x_wconf 90' lang='lat' dir='ltr'>non</span> 
     </span>
     <span class='ocr_line' id='line_1_25' title="bbox 432 2913 1631 3002; baseline 0.003 -22"><span class='ocrx_word' id='word_1_221' title='bbox 432 2917 500 2980; x_wconf 82' lang='lat' dir='ltr'>rarb</span> <span class='ocrx_word' id='word_1_222' title='bbox 517 2925 536 2955; x_wconf 88' lang='lat'>“</span> <span class='ocrx_word' id='word_1_223' title='bbox 552 2915 705 2982; x_wconf 87' lang='lat' dir='ltr'>Scotiam”</span> <span class='ocrx_word' id='word_1_224' title='bbox 720 2917 835 3002; x_wconf 86' lang='lat' dir='ltr'>absque</span> <span class='ocrx_word' id='word_1_225' title='bbox 851 2916 967 2982; x_wconf 90' lang='lat' dir='ltr'>addito.</span> <span class='ocrx_word' id='word_1_226' title='bbox 1014 2915 1049 2982; x_wconf 84' lang='lat' dir='ltr'>Si</span> <span class='ocrx_word' id='word_1_227' title='bbox 1064 2939 1153 2981; x_wconf 89' lang='lat' dir='ltr'>mens</span> <span class='ocrx_word' id='word_1_228' title='bbox 1167 2914 1227 2981; x_wconf 87' lang='lat' dir='ltr'>tibi</span> <span class='ocrx_word' id='word_1_229' title='bbox 1245 2913 1362 2993; x_wconf 89' lang='lat' dir='ltr'>fuisset,</span> <span class='ocrx_word' id='word_1_230' title='bbox 1384 2914 1437 2980; x_wconf 89' lang='lat' dir='ltr'>vel</span> <span class='ocrx_word' id='word_1_231' title='bbox 1459 2928 1514 2980; x_wconf 87' lang='lat' dir='ltr'>tua</span> <span class='ocrx_word' id='word_1_232' title='bbox 1533 2918 1631 2984; x_wconf 86' lang='lat' dir='ltr'>verba</span> 
     </span>
     <span class='ocr_line' id='line_1_26' title="bbox 431 3001 1632 3090; baseline 0.002 -24"><span class='ocrx_word' id='word_1_233' title='bbox 431 3002 475 3067; x_wconf 89' lang='lat' dir='ltr'>sic</span> <span class='ocrx_word' id='word_1_234' title='bbox 489 3002 688 3082; x_wconf 68' lang='lat' dir='ltr'>indicassent,</span> <span class='ocrx_word' id='word_1_235' title='bbox 704 3003 738 3068; x_wconf 88' lang='lat' dir='ltr'>in</span> <span class='ocrx_word' id='word_1_236' title='bbox 753 3003 890 3082; x_wconf 75' lang='lat' dir='ltr'>Ibemial‚</span> <span class='ocrx_word' id='word_1_237' title='bbox 906 3003 958 3070; x_wconf 90' lang='lat' dir='ltr'>vel</span> <span class='ocrx_word' id='word_1_238' title='bbox 980 3027 1022 3068; x_wconf 88' lang='lat' dir='ltr'>ex</span> <span class='ocrx_word' id='word_1_239' title='bbox 1046 3002 1172 3069; x_wconf 74' lang='lat' dir='ltr'>Ibernid</span> <span class='ocrx_word' id='word_1_240' title='bbox 1193 3025 1354 3088; x_wconf 88' lang='lat' dir='ltr'>nunquam</span> <span class='ocrx_word' id='word_1_241' title='bbox 1376 3001 1527 3090; x_wconf 88' lang='lat' dir='ltr'>prodiisse</span> <span class='ocrx_word' id='word_1_242' title='bbox 1551 3027 1632 3068; x_wconf 86' lang='lat' dir='ltr'>mar·</span> 
     </span>
     <span class='ocr_line' id='line_1_27' title="bbox 432 3089 1630 3190; baseline 0.002 -36"><span class='ocrx_word' id='word_1_243' title='bbox 432 3101 545 3177; x_wconf 80' lang='lat' dir='ltr'>tyram,</span> <span class='ocrx_word' id='word_1_244' title='bbox 570 3090 660 3190; x_wconf 73' lang='lat' dir='ltr'>cujus</span> <span class='ocrx_word' id='word_1_245' title='bbox 685 3090 826 3154; x_wconf 83' lang='lat' dir='ltr'>camilex</span> <span class='ocrx_word' id='word_1_246' title='bbox 853 3104 907 3155; x_wconf 89' lang='lat' dir='ltr'>aut</span> <span class='ocrx_word' id='word_1_247' title='bbox 932 3089 1085 3156; x_wconf 88' lang='lat' dir='ltr'>carnificis</span> <span class='ocrx_word' id='word_1_248' title='bbox 1112 3090 1236 3174; x_wconf 88' lang='lat' dir='ltr'>adjutor</span> <span class='ocrx_word' id='word_1_249' title='bbox 1261 3089 1313 3154; x_wconf 89' lang='lat' dir='ltr'>vel</span> <span class='ocrx_word' id='word_1_250' title='bbox 1337 3101 1445 3154; x_wconf 87' lang='lat' dir='ltr'>auctor</span> <span class='ocrx_word' id='word_1_251' title='bbox 1467 3090 1630 3156; x_wconf 89' lang='lat' dir='ltr'>homicidii</span> 
     </span>
     <span class='ocr_line' id='line_1_28' title="bbox 432 3174 1630 3265; baseline 0.003 -27"><span class='ocrx_word' id='word_1_252' title='bbox 432 3174 576 3261; x_wconf 88' lang='lat' dir='ltr'>sacrilegi</span> <span class='ocrx_word' id='word_1_253' title='bbox 599 3175 708 3240; x_wconf 84' lang='lat' dir='ltr'>luisset</span> <span class='ocrx_word' id='word_1_254' title='bbox 729 3176 855 3242; x_wconf 86' lang='lat' dir='ltr'>natione</span> <span class='ocrx_word' id='word_1_255' title='bbox 878 3177 1019 3253; x_wconf 82' lang='lat' dir='ltr'>Ibamus,</span> <span class='ocrx_word' id='word_1_256' title='bbox 1042 3176 1139 3241; x_wconf 71' lang='lat' dir='ltr'>ferme</span> <span class='ocrx_word' id='word_1_257' title='bbox 1163 3175 1220 3240; x_wconf 88' lang='lat' dir='ltr'>tibi</span> <span class='ocrx_word' id='word_1_258' title='bbox 1243 3200 1300 3265; x_wconf 90' lang='lat' dir='ltr'>per</span> <span class='ocrx_word' id='word_1_259' title='bbox 1313 3175 1419 3241; x_wconf 90' lang='lat' dir='ltr'>omnia</span> <span class='ocrx_word' id='word_1_260' title='bbox 1432 3201 1630 3257; x_wconf 66' lang='lat' dir='ltr'>conoessum</span> 
     </span>
     <span class='ocr_line' id='line_1_29' title="bbox 432 3261 1631 3350; baseline 0.003 -24"><span class='ocrx_word' id='word_1_261' title='bbox 432 3262 505 3326; x_wconf 80' lang='lat' dir='ltr'>clun</span> <span class='ocrx_word' id='word_1_262' title='bbox 521 3262 690 3338; x_wconf 86' lang='lat' dir='ltr'>neminem,</span> <span class='ocrx_word' id='word_1_263' title='bbox 706 3261 767 3326; x_wconf 88' lang='lat' dir='ltr'>nisi</span> <span class='ocrx_word' id='word_1_264' title='bbox 782 3262 920 3341; x_wconf 86' lang='lat' dir='ltr'>unicum,</span> <span class='ocrx_word' id='word_1_265' title='bbox 936 3287 1071 3347; x_wconf 90' lang='lat' dir='ltr'>eumque</span> <span class='ocrx_word' id='word_1_266' title='bbox 1086 3286 1193 3350; x_wconf 89' lang='lat' dir='ltr'>regem</span> <span class='ocrx_word' id='word_1_267' title='bbox 1208 3263 1352 3342; x_wconf 87' lang='lat' dir='ltr'>Ibemiae‚</span> <span class='ocrx_word' id='word_1_268' title='bbox 1375 3263 1409 3328; x_wconf 91' lang='lat' dir='ltr'>in</span> <span class='ocrx_word' id='word_1_269' title='bbox 1431 3262 1557 3330; x_wconf 81' lang='lat' dir='ltr'>Ibemia</span> <span class='ocrx_word' id='word_1_270' title='bbox 1578 3264 1631 3330; x_wconf 83' lang='lat' dir='ltr'>die</span> 
     </span>
     <span class='ocr_line' id='line_1_30' title="bbox 432 3346 1630 3436; baseline 0.004 -24"><span class='ocrx_word' id='word_1_271' title='bbox 432 3361 538 3412; x_wconf 87' lang='lat' dir='ltr'>sancto</span> <span class='ocrx_word' id='word_1_272' title='bbox 564 3347 751 3412; x_wconf 85' lang='lat' dir='ltr'>Paraseeves</span> <span class='ocrx_word' id='word_1_273' title='bbox 772 3347 807 3412; x_wconf 91' lang='lat' dir='ltr'>in</span> <span class='ocrx_word' id='word_1_274' title='bbox 828 3349 946 3436; x_wconf 88' lang='lat' dir='ltr'>templo</span> <span class='ocrx_word' id='word_1_275' title='bbox 969 3363 1120 3426; x_wconf 86' lang='lat' dir='ltr'>orantem,</span> <span class='ocrx_word' id='word_1_276' title='bbox 1143 3363 1312 3436; x_wconf 86' lang='lat' dir='ltr'>martyrem</span> <span class='ocrx_word' id='word_1_277' title='bbox 1334 3349 1430 3415; x_wconf 85' lang='lat' dir='ltr'>fuisse</span> <span class='ocrx_word' id='word_1_278' title='bbox 1452 3351 1491 3416; x_wconf 90' lang='lat' dir='ltr'>ab</span> <span class='ocrx_word' id='word_1_279' title='bbox 1514 3346 1630 3417; x_wconf 88' lang='lat' dir='ltr'>Ibemo</span> 
     </span>
     <span class='ocr_line' id='line_1_31' title="bbox 432 3433 1629 3523; baseline 0.003 -23"><span class='ocrx_word' id='word_1_280' title='bbox 432 3434 583 3521; x_wconf 85' lang='lat' dir='ltr'>sacrilego</span> <span class='ocrx_word' id='word_1_281' title='bbox 597 3434 714 3499; x_wconf 87' lang='lat' dir='ltr'>factum</span> <span class='ocrx_word' id='word_1_282' title='bbox 729 3433 870 3520; x_wconf 89' lang='lat' dir='ltr'>legerim,</span> <span class='ocrx_word' id='word_1_283' title='bbox 893 3450 930 3499; x_wconf 89' lang='lat' dir='ltr'>ut</span> <span class='ocrx_word' id='word_1_284' title='bbox 943 3449 1051 3523; x_wconf 86' lang='lat' dir='ltr'>postea</span> <span class='ocrx_word' id='word_1_285' title='bbox 1065 3434 1188 3512; x_wconf 87' lang='lat' dir='ltr'>audies;</span> <span class='ocrx_word' id='word_1_286' title='bbox 1211 3437 1276 3516; x_wconf 87' lang='lat' dir='ltr'>sed,</span> <span class='ocrx_word' id='word_1_287' title='bbox 1292 3461 1364 3502; x_wconf 91' lang='lat' dir='ltr'>cum</span> <span class='ocrx_word' id='word_1_288' title='bbox 1388 3437 1449 3502; x_wconf 79' lang='lat' dir='ltr'>alia</span> <span class='ocrx_word' id='word_1_289' title='bbox 1470 3449 1502 3503; x_wconf 82' lang='lat' dir='ltr'>te</span> <span class='ocrx_word' id='word_1_290' title='bbox 1524 3453 1629 3504; x_wconf 89' lang='lat' dir='ltr'>mente</span> 
     </span>
     <span class='ocr_line' id='line_1_32' title="bbox 432 3520 1629 3611; baseline 0.005 -27"><span class='ocrx_word' id='word_1_291' title='bbox 432 3520 573 3586; x_wconf 90' lang='lat' dir='ltr'>locutum</span> <span class='ocrx_word' id='word_1_292' title='bbox 588 3521 691 3599; x_wconf 88' lang='lat' dir='ltr'>fuisse,</span> <span class='ocrx_word' id='word_1_293' title='bbox 707 3521 779 3586; x_wconf 86' lang='lat' dir='ltr'>satis</span> <span class='ocrx_word' id='word_1_294' title='bbox 793 3533 847 3586; x_wconf 87' lang='lat' dir='ltr'>tua</span> <span class='ocrx_word' id='word_1_295' title='bbox 861 3523 957 3587; x_wconf 80' lang='lat' dir='ltr'>rerba</span> <span class='ocrx_word' id='word_1_296' title='bbox 971 3524 1113 3609; x_wconf 91' lang='lat' dir='ltr'>probent,</span> <span class='ocrx_word' id='word_1_297' title='bbox 1129 3523 1202 3587; x_wconf 88' lang='lat' dir='ltr'>audi</span> <span class='ocrx_word' id='word_1_298' title='bbox 1219 3522 1369 3610; x_wconf 88' lang='lat' dir='ltr'>Gyralde,</span> <span class='ocrx_word' id='word_1_299' title='bbox 1384 3548 1468 3604; x_wconf 83' lang='lat' dir='ltr'>vera,</span> <span class='ocrx_word' id='word_1_300' title='bbox 1485 3549 1555 3611; x_wconf 86' lang='lat' dir='ltr'>quae</span> <span class='ocrx_word' id='word_1_301' title='bbox 1566 3549 1629 3591; x_wconf 88' lang='lat' dir='ltr'>non</span> 
     </span>
     <span class='ocr_line' id='line_1_33' title="bbox 433 3607 1631 3698; baseline 0.003 -25"><span class='ocrx_word' id='word_1_302' title='bbox 433 3607 491 3685; x_wconf 85' lang='lat' dir='ltr'>vis,</span> <span class='ocrx_word' id='word_1_303' title='bbox 508 3608 563 3693; x_wconf 92' lang='lat' dir='ltr'>qui</span> <span class='ocrx_word' id='word_1_304' title='bbox 579 3607 688 3673; x_wconf 85' lang='lat' dir='ltr'>dixisti</span> <span class='ocrx_word' id='word_1_305' title='bbox 703 3607 779 3674; x_wconf 87' lang='lat' dir='ltr'>falsa</span> <span class='ocrx_word' id='word_1_306' title='bbox 794 3632 864 3694; x_wconf 89' lang='lat' dir='ltr'>quae</span> <span class='ocrx_word' id='word_1_307' title='bbox 886 3609 1022 3674; x_wconf 73' lang='lat' dir='ltr'>volebas,</span> <span class='ocrx_word' id='word_1_308' title='bbox 1067 3609 1141 3674; x_wconf 92' lang='lat' dir='ltr'>Non</span> <span class='ocrx_word' id='word_1_309' title='bbox 1163 3610 1302 3698; x_wconf 86' lang='lat' dir='ltr'>negabis,</span> <span class='ocrx_word' id='word_1_310' title='bbox 1318 3610 1436 3677; x_wconf 86' lang='lat' dir='ltr'>eisdem</span> <span class='ocrx_word' id='word_1_311' title='bbox 1457 3612 1578 3678; x_wconf 69' lang='lat' dir='ltr'>saeculis</span> <span class='ocrx_word' id='word_1_312' title='bbox 1598 3625 1631 3678; x_wconf 91' lang='lat' dir='ltr'>et</span> 
     </span>
     <span class='ocr_line' id='line_1_34' title="bbox 433 3695 1630 3783; baseline 0.003 -23"><span class='ocrx_word' id='word_1_313' title='bbox 433 3695 522 3760; x_wconf 88' lang='lat' dir='ltr'>annis</span> <span class='ocrx_word' id='word_1_314' title='bbox 536 3695 677 3783; x_wconf 86' lang='lat' dir='ltr'>pueritiae</span> <span class='ocrx_word' id='word_1_315' title='bbox 693 3707 765 3774; x_wconf 75' lang='lat' dir='ltr'>tuse,</span> <span class='ocrx_word' id='word_1_316' title='bbox 780 3695 899 3760; x_wconf 85' lang='lat' dir='ltr'>vixisse</span> <span class='ocrx_word' id='word_1_317' title='bbox 914 3719 1020 3761; x_wconf 87' lang='lat' dir='ltr'>senem</span> <span class='ocrx_word' id='word_1_318' title='bbox 1035 3709 1067 3762; x_wconf 90' lang='lat' dir='ltr'>et</span> <span class='ocrx_word' id='word_1_319' title='bbox 1090 3711 1232 3762; x_wconf 89' lang='lat' dir='ltr'>sanctum</span> <span class='ocrx_word' id='word_1_320' title='bbox 1248 3697 1449 3762; x_wconf 57' lang='lat' dir='ltr'>&gt;Bernardum</span> <span class='ocrx_word' id='word_1_321' title='bbox 1473 3697 1630 3765; x_wconf 82' lang='lat' dir='ltr'>Clareval-</span> 
     </span>
     <span class='ocr_line' id='line_1_35' title="bbox 433 3781 1630 3884; baseline 0.005 -38"><span class='ocrx_word' id='word_1_322' title='bbox 433 3782 551 3848; x_wconf 88' lang='lat' dir='ltr'>leusem</span> <span class='ocrx_word' id='word_1_323' title='bbox 567 3784 723 3860; x_wconf 78' lang='lat' dir='ltr'>abbatem,</span> <span class='ocrx_word' id='word_1_324' title='bbox 740 3781 794 3867; x_wconf 92' lang='lat' dir='ltr'>qui</span> <span class='ocrx_word' id='word_1_325' title='bbox 809 3781 928 3848; x_wconf 88' lang='lat' dir='ltr'>nemini</span> <span class='ocrx_word' id='word_1_326' title='bbox 943 3786 1023 3872; x_wconf 80' lang='lat' dir='ltr'>penb</span> <span class='ocrx_word' id='word_1_327' title='bbox 1038 3783 1189 3850; x_wconf 87' lang='lat' dir='ltr'>universae</span> <span class='ocrx_word' id='word_1_328' title='bbox 1201 3783 1337 3884; x_wconf 77' lang='lat' dir='ltr'>Europa</span> <span class='ocrx_word' id='word_1_329' title='bbox 1349 3785 1449 3850; x_wconf 87' lang='lat' dir='ltr'>fuerat</span> <span class='ocrx_word' id='word_1_330' title='bbox 1459 3785 1514 3851; x_wconf 93' lang='lat' dir='ltr'>illo</span> <span class='ocrx_word' id='word_1_331' title='bbox 1525 3786 1630 3852; x_wconf 84' lang='lat' dir='ltr'>seculo</span> 
     </span>
     <span class='ocr_line' id='line_1_36' title="bbox 433 3867 1631 3958; baseline 0.005 -26"><span class='ocrx_word' id='word_1_332' title='bbox 433 3867 570 3956; x_wconf 87' lang='lat' dir='ltr'>ignotus,</span> <span class='ocrx_word' id='word_1_333' title='bbox 586 3869 635 3934; x_wconf 90' lang='lat' dir='ltr'>vir</span> <span class='ocrx_word' id='word_1_334' title='bbox 649 3884 742 3934; x_wconf 78' lang='lat' dir='ltr'>tantm</span> <span class='ocrx_word' id='word_1_335' title='bbox 754 3869 976 3946; x_wconf 75' lang='lat' dir='ltr'>sanctimonie,</span> <span class='ocrx_word' id='word_1_336' title='bbox 987 3871 1157 3958; x_wconf 68' lang='lat' dir='ltr'>sapientiae,</span> <span class='ocrx_word' id='word_1_337' title='bbox 1168 3871 1329 3958; x_wconf 87' lang='lat' dir='ltr'>apostohci</span> <span class='ocrx_word' id='word_1_338' title='bbox 1340 3871 1409 3950; x_wconf 84' lang='lat' dir='ltr'>zeli,</span> <span class='ocrx_word' id='word_1_339' title='bbox 1420 3872 1475 3958; x_wconf 90' lang='lat' dir='ltr'>qui</span> <span class='ocrx_word' id='word_1_340' title='bbox 1485 3873 1631 3939; x_wconf 89' lang='lat' dir='ltr'>columna</span> 
     </span>
     <span class='ocr_line' id='line_1_37' title="bbox 434 3955 1632 4045; baseline 0.005 -26"><span class='ocrx_word' id='word_1_341' title='bbox 434 3955 495 4021; x_wconf 86' lang='lat' dir='ltr'>suit</span> <span class='ocrx_word' id='word_1_342' title='bbox 510 3957 648 4022; x_wconf 84' lang='lat' dir='ltr'>ecclesiae</span> <span class='ocrx_word' id='word_1_343' title='bbox 663 3957 830 4022; x_wconf 83' lang='lat' dir='ltr'>laborantis</span> <span class='ocrx_word' id='word_1_344' title='bbox 846 3958 1028 4044; x_wconf 89' lang='lat' dir='ltr'>gravissimo</span> <span class='ocrx_word' id='word_1_345' title='bbox 1044 3958 1208 4024; x_wconf 87' lang='lat' dir='ltr'>schismate</span> <span class='ocrx_word' id='word_1_346' title='bbox 1224 3958 1384 4036; x_wconf 72' lang='lat' dir='ltr'>octabis,</span> <span class='ocrx_word' id='word_1_347' title='bbox 1407 3983 1484 4045; x_wconf 88' lang='lat' dir='ltr'>quas</span> <span class='ocrx_word' id='word_1_348' title='bbox 1506 3959 1632 4026; x_wconf 87' lang='lat' dir='ltr'>divinus</span> 
     </span>
     <span class='ocr_line' id='line_1_38' title="bbox 433 4043 1631 4134; baseline 0.004 -27"><span class='ocrx_word' id='word_1_349' title='bbox 433 4043 610 4108; x_wconf 88' lang='lat' dir='ltr'>Bernardus</span> <span class='ocrx_word' id='word_1_350' title='bbox 622 4045 717 4108; x_wconf 71' lang='lat' dir='ltr'>senne</span> <span class='ocrx_word' id='word_1_351' title='bbox 730 4044 811 4110; x_wconf 89' lang='lat' dir='ltr'>solua</span> <span class='ocrx_word' id='word_1_352' title='bbox 826 4043 998 4122; x_wconf 82' lang='lat' dir='ltr'>sedaverat,</span> <span class='ocrx_word' id='word_1_353' title='bbox 1013 4060 1046 4111; x_wconf 91' lang='lat' dir='ltr'>et</span> <span class='ocrx_word' id='word_1_354' title='bbox 1059 4069 1169 4134; x_wconf 86' lang='lat' dir='ltr'>pacem</span> <span class='ocrx_word' id='word_1_355' title='bbox 1185 4045 1243 4110; x_wconf 87' lang='lat' dir='ltr'>toti</span> <span class='ocrx_word' id='word_1_356' title='bbox 1258 4045 1441 4132; x_wconf 71' lang='lat' dir='ltr'>reipublice</span> <span class='ocrx_word' id='word_1_357' title='bbox 1456 4046 1631 4112; x_wconf 85' lang='lat' dir='ltr'>christianae</span> 
     </span>
     <span class='ocr_line' id='line_1_39' title="bbox 432 4129 1631 4234; baseline 0.004 -41"><span class='ocrx_word' id='word_1_358' title='bbox 432 4129 618 4195; x_wconf 86' lang='lat' dir='ltr'>restituerat.</span> <span class='ocrx_word' id='word_1_359' title='bbox 676 4130 820 4196; x_wconf 84' lang='lat' dir='ltr'>Mortuus</span> <span class='ocrx_word' id='word_1_360' title='bbox 848 4131 909 4197; x_wconf 85' lang='lat' dir='ltr'>fuit</span> <span class='ocrx_word' id='word_1_361' title='bbox 938 4133 1064 4198; x_wconf 90' lang='lat' dir='ltr'>tandem</span> <span class='ocrx_word' id='word_1_362' title='bbox 1087 4157 1168 4198; x_wconf 86' lang='lat' dir='ltr'>anno</span> <span class='ocrx_word' id='word_1_363' title='bbox 1189 4132 1296 4197; x_wconf 86' lang='lat' dir='ltr'>salutis</span> <span class='ocrx_word' id='word_1_364' title='bbox 1320 4134 1404 4198; x_wconf 83' lang='lat'>1153</span> <span class='ocrx_word' id='word_1_365' title='bbox 1426 4146 1458 4198; x_wconf 91' lang='lat' dir='ltr'>et</span> <span class='ocrx_word' id='word_1_366' title='bbox 1479 4146 1515 4198; x_wconf 89' lang='lat' dir='ltr'>tu</span> <span class='ocrx_word' id='word_1_367' title='bbox 1534 4135 1631 4234; x_wconf 88' lang='lat' dir='ltr'>paulb</span> 
     </span>
     <span class='ocr_line' id='line_1_40' title="bbox 433 4219 1630 4308; baseline 0.003 -28"><span class='ocrx_word' id='word_1_368' title='bbox 433 4231 502 4303; x_wconf 85' lang='lat' dir='ltr'>port</span> <span class='ocrx_word' id='word_1_369' title='bbox 513 4241 628 4282; x_wconf 88' lang='lat' dir='ltr'>annum</span> <span class='ocrx_word' id='word_1_370' title='bbox 643 4220 727 4284; x_wconf 79' lang='lat'>1170</span> <span class='ocrx_word' id='word_1_371' title='bbox 742 4219 918 4307; x_wconf 87' lang='lat' dir='ltr'>designatus</span> <span class='ocrx_word' id='word_1_372' title='bbox 926 4219 1010 4284; x_wconf 85' lang='lat' dir='ltr'>fuisti</span> <span class='ocrx_word' id='word_1_373' title='bbox 1019 4221 1209 4308; x_wconf 69' lang='lat' dir='ltr'>paedagogus</span> <span class='ocrx_word' id='word_1_374' title='bbox 1220 4219 1359 4295; x_wconf 85' lang='lat' dir='ltr'>Joaunia,</span> <span class='ocrx_word' id='word_1_375' title='bbox 1371 4219 1428 4283; x_wconf 87' lang='lat' dir='ltr'>filii</span> <span class='ocrx_word' id='word_1_376' title='bbox 1441 4221 1574 4287; x_wconf 82' lang='lat' dir='ltr'>Henrrci</span> <span class='ocrx_word' id='word_1_377' title='bbox 1587 4221 1630 4286; x_wconf 90' lang='lat' dir='ltr'>Il.</span> 
     </span>
     <span class='ocr_line' id='line_1_41' title="bbox 433 4303 1633 4397; baseline 0.005 -30"><span class='ocrx_word' id='word_1_378' title='bbox 433 4303 613 4391; x_wconf 86' lang='lat' dir='ltr'>Anglorum</span> <span class='ocrx_word' id='word_1_379' title='bbox 627 4307 718 4392; x_wconf 89' lang='lat' dir='ltr'>regis,</span> <span class='ocrx_word' id='word_1_380' title='bbox 733 4329 836 4392; x_wconf 87' lang='lat' dir='ltr'>neque</span> <span class='ocrx_word' id='word_1_381' title='bbox 850 4308 923 4372; x_wconf 71' lang='lat' dir='ltr'>sane</span> <span class='ocrx_word' id='word_1_382' title='bbox 938 4321 971 4374; x_wconf 90' lang='lat' dir='ltr'>te</span> <span class='ocrx_word' id='word_1_383' title='bbox 984 4307 1081 4374; x_wconf 88' lang='lat' dir='ltr'>latere</span> <span class='ocrx_word' id='word_1_384' title='bbox 1096 4321 1265 4396; x_wconf 87' lang='lat' dir='ltr'>potuerunt</span> <span class='ocrx_word' id='word_1_385' title='bbox 1278 4306 1350 4373; x_wconf 85' lang='lat' dir='ltr'>libri</span> <span class='ocrx_word' id='word_1_386' title='bbox 1365 4319 1399 4372; x_wconf 89' lang='lat' dir='ltr'>et</span> <span class='ocrx_word' id='word_1_387' title='bbox 1419 4307 1533 4396; x_wconf 87' lang='lat' dir='ltr'>scripta</span> <span class='ocrx_word' id='word_1_388' title='bbox 1554 4309 1633 4397; x_wconf 88' lang='lat' dir='ltr'>pub·</span> 
     </span>
    </p>
   </div>
   <div class='ocr_carea' id='block_1_3' title="bbox 433 4501 1633 4894">
    <p class='ocr_par' dir='ltr' id='par_1_4' title="bbox 433 4501 1633 4712">
     <span class='ocr_line' id='line_1_42' title="bbox 466 4501 1633 4578; baseline 0.003 -26"><span class='ocrx_word' id='word_1_389' title='bbox 466 4504 482 4578; x_wconf 56' lang='grc' dir='ltr'><em>ξ</em></span> <span class='ocrx_word' id='word_1_390' title='bbox 499 4501 569 4553; x_wconf 81' lang='lat' dir='ltr'>Laus</span> <span class='ocrx_word' id='word_1_391' title='bbox 587 4503 651 4563; x_wconf 79' lang='lat' dir='ltr'>Deo,</span> <span class='ocrx_word' id='word_1_392' title='bbox 680 4503 801 4568; x_wconf 81' lang='lat' dir='ltr'>Gyralde,</span> <span class='ocrx_word' id='word_1_393' title='bbox 827 4507 873 4568; x_wconf 84' lang='lat' dir='ltr'>qui</span> <span class='ocrx_word' id='word_1_394' title='bbox 890 4507 995 4558; x_wconf 68' lang='lat' dir='ltr'>undem</span> <span class='ocrx_word' id='word_1_395' title='bbox 1013 4507 1151 4570; x_wconf 80' lang='lat' dir='ltr'>aliquando</span> <span class='ocrx_word' id='word_1_396' title='bbox 1169 4505 1287 4555; x_wconf 87' lang='lat' dir='ltr'>nominas</span> <span class='ocrx_word' id='word_1_397' title='bbox 1305 4519 1388 4556; x_wconf 87' lang='lat' dir='ltr'>unum</span> <span class='ocrx_word' id='word_1_398' title='bbox 1408 4505 1504 4556; x_wconf 91' lang='lat' dir='ltr'>bonnm</span> <span class='ocrx_word' id='word_1_399' title='bbox 1524 4507 1633 4558; x_wconf 75' lang='lat' dir='ltr'>Ibernia</span> 
     </span>
     <span class='ocr_line' id='line_1_43' title="bbox 433 4569 1610 4712; baseline 0.003 -28"><span class='ocrx_word' id='word_1_400' title='bbox 433 4569 604 4710; x_wconf 50' lang='lat' dir='ltr'>epmllifflh</span> <span class='ocrx_word' id='word_1_401' title='bbox 615 4633 664 4683; x_wconf 81' lang='grc'>111</span> <span class='ocrx_word' id='word_1_402' title='bbox 677 4647 744 4698; x_wconf 80' lang='lat' dir='ltr'>papa</span> <span class='ocrx_word' id='word_1_403' title='bbox 754 4635 823 4686; x_wconf 81' lang='lat' dir='ltr'>eirca</span> <span class='ocrx_word' id='word_1_404' title='bbox 831 4649 927 4686; x_wconf 80' lang='lat' dir='ltr'>annum</span> <span class='ocrx_word' id='word_1_405' title='bbox 939 4635 1029 4686; x_wconf 80' lang='lat' dir='ltr'>salutis</span> <span class='ocrx_word' id='word_1_406' title='bbox 1043 4635 1113 4686; x_wconf 70' lang='lat' dir='ltr'>llas.</span> <span class='ocrx_word' id='word_1_407' title='bbox 1604 4700 1610 4712; x_wconf 35' lang='grc' dir='ltr'>ι</span> 
     </span>
    </p>

    <p class='ocr_par' dir='ltr' id='par_1_5' title="bbox 433 4699 1633 4894">
     <span class='ocr_line' id='line_1_44' title="bbox 500 4699 1630 4763; baseline 0.002 -15"><span class='ocrx_word' id='word_1_408' title='bbox 500 4699 603 4749; x_wconf 80' lang='lat' dir='ltr'>Alluaro</span> <span class='ocrx_word' id='word_1_409' title='bbox 613 4699 646 4747; x_wconf 86' lang='lat' dir='ltr'>ad</span> <span class='ocrx_word' id='word_1_410' title='bbox 657 4701 813 4763; x_wconf 82' lang='lat' dir='ltr'>martyrium</span> <span class='ocrx_word' id='word_1_411' title='bbox 826 4701 851 4752; x_wconf 89' lang='lat' dir='ltr'>S.</span> <span class='ocrx_word' id='word_1_412' title='bbox 863 4702 969 4751; x_wconf 76' lang='lat' dir='ltr'>Thomas</span> <span class='ocrx_word' id='word_1_413' title='bbox 981 4701 1184 4758; x_wconf 77' lang='lat' dir='ltr'>cantuariensis,</span> <span class='ocrx_word' id='word_1_414' title='bbox 1205 4706 1266 4750; x_wconf 82' lang='lat' dir='ltr'>ante</span> <span class='ocrx_word' id='word_1_415' title='bbox 1286 4699 1408 4752; x_wconf 82' lang='lat' dir='ltr'>tredecim</span> <span class='ocrx_word' id='word_1_416' title='bbox 1431 4699 1484 4750; x_wconf 77' lang='lat' dir='ltr'>lerb</span> <span class='ocrx_word' id='word_1_417' title='bbox 1503 4715 1585 4750; x_wconf 74' lang='lat' dir='ltr'>annos</span> <span class='ocrx_word' id='word_1_418' title='bbox 1603 4715 1630 4751; x_wconf 89' lang='lat' dir='ltr'>m</span> 
     </span>
     <span class='ocr_line' id='line_1_45' title="bbox 433 4763 1633 4894; baseline 0.001 -79"><span class='ocrx_word' id='word_1_419' title='bbox 433 4763 711 4894; x_wconf 44' lang='lat' dir='ltr'>AApgffi,npgggpitltllpls‚</span> <span class='ocrx_word' id='word_1_420' title='bbox 721 4765 797 4830; x_wconf 66' lang='lat' dir='ltr'>culpa</span> <span class='ocrx_word' id='word_1_421' title='bbox 815 4765 922 4818; x_wconf 81' lang='lat' dir='ltr'>Haurici</span> <span class='ocrx_word' id='word_1_422' title='bbox 934 4767 969 4816; x_wconf 91' lang='lat'>11.</span> <span class='ocrx_word' id='word_1_423' title='bbox 981 4769 1049 4828; x_wconf 83' lang='lat' dir='ltr'>regia</span> <span class='ocrx_word' id='word_1_424' title='bbox 1061 4768 1207 4828; x_wconf 72' lang='lat' dir='ltr'>anglorum</span> <span class='ocrx_word' id='word_1_425' title='bbox 1226 4771 1369 4830; x_wconf 81' lang='lat' dir='ltr'>peractum,</span> <span class='ocrx_word' id='word_1_426' title='bbox 1386 4775 1412 4815; x_wconf 87' lang='lat' dir='ltr'>et</span> <span class='ocrx_word' id='word_1_427' title='bbox 1429 4767 1462 4816; x_wconf 86' lang='lat' dir='ltr'>ad</span> <span class='ocrx_word' id='word_1_428' title='bbox 1479 4765 1589 4816; x_wconf 83' lang='lat' dir='ltr'>aliorum</span> <span class='ocrx_word' id='word_1_429' title='bbox 1606 4782 1633 4816; x_wconf 91' lang='lat' dir='ltr'>m</span> 
     </span>
    </p>
   </div>
   <div class='ocr_carea' id='block_1_4' title="bbox 0 0 1874 6052">
    <p class='ocr_par' dir='ltr' id='par_1_6' title="bbox 0 0 1874 6052">
     <span class='ocr_line' id='line_1_46' title="bbox 0 0 1874 6052; baseline 0 0"><span class='ocrx_word' id='word_1_430' title='bbox 0 0 1874 6052; x_wconf 95' lang='lat' dir='ltr'> </span> 
     </span>
    </p>
   </div>
  </div>
 </body>
</html>
