3736 6054
771 743 952 792 aronocra
967 733 1239 796 rao'nrsnanm.
1462 727 1553 815 [car.
1571 747 1605 792 v.

920 1433 1042 1498 cAP.
1065 1433 1107 1498 V.

411 1633 552 1684 &tutatur
562 1633 694 1685 calumnia
705 1633 878 1693 cambrensis,
898 1634 945 1696 qni
964 1634 1061 1696 ubique
1080 1631 1135 1684 seri
1144 1633 1260 1694 inculcat
1272 1653 1279 1693 ς
1301 1634 1454 1684 lbernornm
1466 1639 1578 1696 gentem,
1591 1649 1610 1685 a

442 1699 533 1749 diebus
545 1698 572 1750 S.
585 1699 690 1751 Patr-itti
708 1713 755 1762 per
775 1705 873 1762 reptem
890 1699 995 1750 circiter
1011 1699 1098 1750 recula
1117 1699 1260 1762 tequentit,
1278 1698 1359 1756 luisse
1375 1699 1492 1752 omnium
1503 1704 1608 1763 genam

442 1763 607 1815 rudissimam
622 1765 651 1814 in
662 1765 740 1816 rebus
751 1763 906 1817 christiana
917 1763 980 1815 fidei
990 1769 1018 1814 ct
1027 1778 1141 1816 morum.

411 1952 507 2019 Tres
520 1954 687 2040 rejecimus
723 1951 872 2042 raecipua's
886 1953 1057 2020 calumnias
1067 1953 1283 2034 cambrensis3
1298 1949 1466 2042 primb,'de
1481 1953 1605 2042 sugilla-

411 2041 496 2106 tione
512 2041 650 2107 ecelesiae
665 1979 796 2107 colentis
810 2039 1033 2129 supposititios,
1042 2053 1079 2106 ut
1092 2041 1146 2106 ille
1162 2041 1270 2108 scribit
1284 2055 1413 2120 sanctos,
1426 2064 1558 2127 quorum
1573 2054 1606 2107 et

410 2151 501 2192 veros
516 2152 581 2193 non
594 2152 719 2215 paucos,
736 2128 790 2206 ait,
806 2137 825 2168 “
837 2141 956 2193 naturae
972 2127 1130 2213 animique
1146 2152 1211 2194 esse
1225 2128 1371 2208 vindicis,
1387 2141 1481 2215 atque
1495 2127 1605 2194 inires

411 2213 519 2303 proni;
545 2215 691 2294 secundt,
707 2215 746 2280 de
762 2214 960 2302 sugillatione
983 2215 1126 2293 iberniae,
1143 2239 1237 2300 quam
1252 2214 1346 2294 dixit,
1373 2215 1528 2280 “nullum
1547 2238 1604 2282 un·

411 2324 506 2387 quam
528 2300 673 2367 habuisse
699 2315 868 2389 martyrem
884 2300 1036 2379 christi?
1056 2302 1160 2381 tertib,
1180 2303 1220 2367 de
1239 2301 1437 2390 sugillatione
1452 2301 1604 2388 ejusdem,

411 2411 506 2474 qnam
528 2388 662 2453 affirmat
683 2411 725 2454 ex
747 2401 795 2452 tot
816 2389 878 2453 suis
900 2387 1115 2454 ecclesiasticis
1137 2387 1221 2466 viris,
1253 2389 1308 2474 qui
1329 2412 1386 2477 per
1407 2387 1519 2454 saecula
1539 2388 1603 2454 fere

412 2489 531 2562 septem
546 2474 682 2552 fuerunt,
709 2474 867 2540 neminem
884 2475 997 2554 visum,
1024 2475 1078 2561 qui
1093 2474 1145 2540 vel
1169 2477 1288 2540 bonum
1310 2476 1411 2564 egerit
1431 2475 1603 2541 animarum

411 2575 567 2650 pastorem
582 2561 633 2626 vel
648 2560 797 2627 idoneum
812 2561 900 2627 verbi
916 2561 1016 2626 divini
1032 2561 1276 2650 praedicatorem.

454 2648 616 2713 Postrema
635 2648 824 2713 confutanda
843 2649 911 2735 jam
933 2661 1027 2714 restat
1096 2649 1144 2714 vis
1159 2648 1317 2714 calumnia
1341 2649 1380 2714 de
1394 2647 1539 2714 universi
1553 2652 1605 2714 ed-

411 2733 484 2799 dem
499 2735 685 2800 Ibernorum
707 2748 801 2824 gente
824 2749 856 2800 et
881 2735 1009 2836 populo,
1035 2673 1161 2822 demque
1175 2748 1212 2801 ut
1232 2736 1333 2801 multa
1354 2734 1516 2800 horribilia
1531 2759 1601 2821 quae

411 2821 523 2909 passim
546 2821 634 2901 dicit,
660 2821 695 2886 in
721 2823 817 2908 quam
838 2822 1026 2910 paumssima
1048 2823 1206 2888 conferam
1226 2835 1259 2887 et
1284 2821 1444 2910 ipsissimis
1467 2821 1602 2910 Gyraldi

409 2907 514 2973 verbis
528 2926 609 2986 utar,
624 2909 796 2996 praesertim
811 2909 846 2974 in
860 2933 927 2998 cap.
943 2910 1057 2988 10,19‚
1073 2922 1105 2975 et
1118 2909 1330 2995 sequentibus,
1346 2933 1407 2974 snae
1423 2909 1443 2974 3
1464 2909 1601 2974 distinct.

411 2993 525 3079 inquit,
549 3004 568 3034 “
582 3019 646 3060 esse
662 3009 694 3061 et
709 3009 829 3084 septem
843 2997 962 3062 saeculis
977 3019 1099 3084 semper
1113 2996 1207 3062 firisse
1222 3007 1349 3084 gentem
1370 2995 1543 3076 bestialem,
1559 3019 1603 3062 ex

271 3092 273 3099 '
379 3093 380 3096 ’
409 3080 518 3145 bestiis
533 3081 634 3146 solum
648 3095 752 3146 natam
768 3097 800 3147 et
820 3083 993 3148 bestialiter
1007 3083 1177 3162 viventem,
1199 3083 1233 3147 in
1248 3083 1335 3148 silvis
1356 3105 1428 3147 cum
1444 3081 1516 3148 feris
1538 3105 1602 3148 non

409 3166 444 3231 in
458 3166 588 3232 urbibus
603 3182 856 3246 commorantem,
873 3171 962 3256 cujus
977 3193 1085 3236 omnes
1104 3193 1214 3248 mores,
1229 3169 1307 3234 meri
1323 3168 1504 3234 barbarismi
1518 3181 1602 3248 sunt,

410 3266 442 3317 et
457 3253 600 3338 quamvis
611 3253 697 3339 quod
707 3254 741 3318 in
755 3254 829 3342 ipsis
844 3270 962 3320 naturae
977 3271 1023 3321 est
1037 3270 1069 3322 et
1079 3257 1337 3322 lineamentorum
1352 3254 1481 3320 humani
1495 3279 1602 3344 corpo·

409 3339 451 3404 ris
466 3339 620 3428 optimum
634 3341 691 3420 sit;
706 3341 862 3428 reliquum
873 3343 948 3407 verb
964 3355 995 3408 et
1009 3342 1105 3422 iners,
1111 3355 1143 3408 et
1157 3342 1311 3430 quidqrn'd
1321 3342 1385 3408 ferb
1396 3341 1556 3407 industria
1567 3343 1602 3407 in

409 3426 473 3491 illis
484 3439 538 3505 est,
546 3426 714 3514 pessimum
726 3442 783 3494 est.
806 3429 892 3494 Gens
903 3428 1044 3494 omnium
1056 3430 1138 3496 orbis
1147 3429 1288 3518 gentium
1297 3429 1460 3494 rudissima
1468 3429 1502 3493 in
1510 3431 1602 3495 rebus

409 3513 584 3579 christiane
599 3513 690 3593 fidei;
705 3514 845 3580 maxime
861 3515 1000 3580 omnium
1015 3516 1157 3583 involuta
1176 3516 1272 3594 vitiis,
1287 3516 1458 3596 fraudibus,
1469 3515 1599 3595 malitia,

408 3600 556 3688 perjurio,
578 3599 795 3682 inconstantia,
817 3602 1056 3690 proditionibus,
1070 3602 1203 3681 fallacia,
1219 3601 1412 3682 crudelitate,
1435 3601 1600 3691 spurcitiis,

408 3689 485 3752 &cd
515 3687 560 3753 Et
582 3689 649 3754 haec
673 3689 779 3755 omnia
802 3713 820 3755 a
835 3689 945 3756 diebus
961 3689 993 3755 S.
1004 3689 1129 3756 Patritii
1154 3713 1253 3776 usqne
1269 3689 1309 3754 ad
1322 3703 1450 3769 vestros,
1474 3688 1601 3755 oOam·

408 3774 545 3841 brensisl
576 3775 620 3841 ais
634 3778 825 3864 perduxisse,
849 3789 881 3842 et
895 3800 963 3865 cap.
980 3777 1032 3856 35,
1055 3775 1144 3842 addis
1158 3777 1233 3855 ista3
1257 3786 1276 3816 “
1289 3776 1329 3841 ad
1343 3776 1421 3855 haec,
1443 3789 1490 3842 tot
1504 3799 1601 3842 caecos

410 3873 508 3939 natos,
524 3875 571 3927 tot
585 3862 721 3942 claudos,
738 3876 784 3929 tot
798 3887 925 3952 corpore
940 3863 1075 3942 vitiatos,
1091 3876 1124 3928 et
1137 3877 1255 3928 naturae
1269 3861 1423 3928 beneficio
1436 3863 1601 3930 destitutos

410 3947 445 4012 in
460 3949 598 4013 alienon
614 3949 750 4016 vidimus
764 3950 898 4016 natione.
945 3949 1027 4015 Sunt
1041 3950 1126 4015 enim
1141 3949 1197 4036 qui
1213 3948 1351 4036 (Iberni)
1375 3951 1454 4017 bene
1469 3951 1603 4016 forman·

409 4046 471 4114 tur,
498 4035 734 4121 exquisitissimi
760 4051 793 4102 et
816 4060 970 4123 nusquam
995 4038 1117 4116 melibs,
1144 4037 1243 4102 sicet
1267 4035 1321 4122 qui
1344 4037 1425 4102 male
1448 4061 1603 4124 nusquam

409 4121 509 4208 pejus,
526 4136 558 4186 et
572 4122 653 4189 sicut
669 4124 795 4224 egregie
809 4122 1008 4211 proveniunt,
1024 4147 1101 4208 quos
1119 4137 1236 4188 naturae
1258 4122 1433 4211 benignitas
1455 4124 1602 4189 elimave-

408 4207 459 4286 rit,
476 4207 521 4274 sic
536 4222 569 4274 et
583 4226 751 4276 enormiter
761 4211 926 4300 prodeunt,
939 4233 1016 4295 quos
1030 4210 1168 4298 benigno
1183 4209 1288 4274 lavore
1303 4209 1488 4276 destituerit.
1532 4209 1601 4276 Nec

408 4295 597 4375 mirandum,
624 4297 649 4361 si
673 4297 713 4364 de
736 4311 831 4385 gente
863 4297 1013 4374 adultera,
1050 4311 1144 4396 gente
1166 4297 1293 4374 incesta,
1317 4309 1412 4386 gente
1434 4295 1603 4382 illegitime

408 4387 482 4446 nata
497 4395 529 4447 et
543 4383 697 4470 copulati,
713 4397 807 4470 gente
833 4384 958 4472 exlege,
977 4396 1041 4448 arte
1056 4383 1166 4448 mvidt
1180 4395 1212 4448 et
1226 4382 1337 4460 invisa,
1355 4382 1454 4470 ipsam
1469 4382 1603 4468 turpiter

408 4468 602 4535 adulterante
622 4483 774 4550 naturam,
795 4471 872 4536 tales
887 4469 1045 4534 interdum
1060 4482 1168 4534 contra
1181 4484 1300 4535 naturae
1314 4470 1428 4556 legem,
1443 4482 1554 4534 natura
1569 4483 1602 4534 et

430 4555 568 4636 roducat,
595 4568 628 4622 et
652 4557 750 4644 digna
771 4557 835 4622 Dei
857 4556 997 4622 vindicta
1016 4555 1151 4634 videtur,
1175 4568 1212 4621 ut
1237 4557 1291 4642 qui
1315 4555 1463 4621 interiore
1486 4555 1600 4621 mentis

407 4579 527 4708 lumine
539 4643 579 4708 ad
593 4644 695 4732 ipsum
707 4669 770 4709 non
785 4643 965 4733 respiciunt,
977 4642 1011 4707 hi
1023 4641 1187 4709 exterioris
1198 4657 1236 4708 et
1244 4666 1399 4732 corporeae
1414 4641 1493 4707 lucis
1507 4643 1601 4708 bene·

408 4729 481 4796 ficio
496 4729 682 4818 plerirmque
698 4731 824 4796 doleant
838 4729 1005 4796 destituti.”
1047 4729 1088 4793 In
1102 4728 1161 4795 hae
1176 4729 1286 4794 infami
1301 4730 1341 4795 de
1355 4728 1503 4794 universi
1517 4730 1602 4795 lber·

408 4840 521 4884 norum
535 4831 630 4906 gente
643 4817 777 4907 Gyraldi
793 4817 941 4896 oratione,
953 4817 991 4882 ab
1006 4829 1189 4905 exasperato
1203 4831 1328 4905 pectore
1342 4815 1493 4906 proiecti,
1509 4841 1605 4904 quam
