3772 6008
402 743 444 810 80
746 759 928 807 aroucam
942 756 1013 804 rso
1029 757 1217 804 nisurum.
1441 739 1533 828 [oar.
1552 759 1600 805 vr.

446 913 543 978 Tanti
558 914 631 978 verb
648 911 821 980 Merlinum
847 925 1015 1000 utrumque
1030 913 1106 980 lacit
1121 913 1289 1012 Gyraldus,
1311 926 1347 978 ut
1369 912 1409 978 ad
1431 913 1600 980 concilian-

402 999 475 1065 dam
491 999 587 1066 fidem
601 1011 634 1064 et
658 1000 808 1086 majorem
822 1001 885 1066 suis
899 1000 1021 1087 scriptis
1045 1012 1271 1076 auctoritatem,
1298 999 1413 1088 passim
1440 1013 1546 1064 utatur
1568 1014 1600 1066 et

402 1085 543 1152 imitetur
557 1085 673 1174 stylum
688 1099 720 1152 et
733 1087 866 1152 formam
888 1086 1052 1152 locutionis
1066 1086 1327 1174 evangelistarum
1348 1085 1466 1152 Christi
1482 1101 1515 1151 et
1536 1111 1599 1153 sac·

401 1195 507 1238 rorum
531 1173 662 1238 aliorum
687 1171 746 1239 scri
770 1187 883 1252 torum,
908 1195 981 1239 cum
1012 1173 1138 1239 dicunt:
1161 1183 1180 1213 “
1195 1172 1288 1238 Turro
1319 1171 1526 1260 adimpletum
1553 1187 1599 1239 est

424 1260 488 1324 uod
502 1259 678 1326 dictumest
726 1198 948 1326 rilieremiam
963 1260 1175 1348 prophetam,”
1189 1268 1212 1300 “
1227 1272 1262 1324 ut
1277 1258 1500 1346 adimpleretur
1513 1261 1599 1345 quod

402 1284 488 1412 dixit
499 1346 618 1412 Isaias.''
640 1284 781 1412 “hlddut
791 1346 980 1434 impleantur
994 1346 1153 1434 scripturae
1186 1345 1598 1435 rophetarum,”“soriptum

401 1432 487 1498 enim
502 1446 548 1499 est
561 1433 596 1498 in
610 1432 690 1499 libro
705 1433 921 1520 psalmorum.”
966 1432 1021 1499 Sic
1035 1433 1143 1498 crebro
1159 1369 1332 1520 dyraldus:
1356 1441 1375 1472 ‘⁶
1391 1432 1484 1498 Tunc
1500 1432 1599 1497 adim·

401 1518 523 1607 pletum
538 1533 585 1586 est
599 1518 794 1598 vaticinium,
810 1543 880 1586 com
902 1519 966 1584 leta
980 1533 1027 1584 ast
1040 1519 1234 1608 prophetica,
1248 1533 1308 1584 eet.
1320 1517 1452 1584 Merlini
1463 1519 1597 1584 dicentis

401 1619 473 1686 etc,
495 1620 532 1672 ut
545 1607 643 1672 lector
657 1605 791 1694 Gyraldi
805 1543 986 1686 videbitis
1002 1606 1139 1694 Topogr.
1155 1605 1292 1672 distinct.
1307 1629 1376 1694 cap.
1392 1608 1444 1684 50,
1460 1619 1492 1670 et
1505 1605 1560 1672 lib.
1581 1612 1593 1670 l

401 1691 641 1848 ναύῖἱιιὲῖῧετ.
657 1717 724 1782 cap.
741 1693 772 1773 3,
788 1693 846 1772 32;
869 1706 901 1759 et
915 1693 970 1759 lib.
986 1696 1018 1774 2,
1033 1715 1100 1776 cap.
1119 1693 1169 1772 16,
1186 1694 1239 1772 26,
1256 1692 1316 1772 30;
1331 1708 1364 1758 et
1377 1691 1433 1758 lib.
1450 1694 1469 1758 2
1485 1691 1594 1758 Itiner.

402 1803 439 1844 ca
463 1831 470 1844 .
509 1829 518 1859 ,
557 1792 640 1860 ,ete

438 1804 612 1946 Ibaeoeffim,
633 1867 719 1952 quod
734 1879 829 1954 caput
842 1879 897 1932 est.
941 1865 1141 1932 cambrensis
1160 1889 1224 1931 non
1238 1864 1336 1930 solhm
1359 1864 1513 1952 integram
1528 1865 1597 1930 vul·

400 1953 490 2041 gavit
502 1953 695 2042 Apologiam
710 1978 766 2019 seu
781 1954 896 2018 librum
909 1976 967 2041 pro
981 1965 1051 2018 utro
1077 1976 1116 2018 ue
1126 1950 1265 2018 Merlino
1280 1963 1313 2018 et
1349 1950 1502 2039 rophetiis
1515 1952 1596 2039 ipso-

398 2064 470 2106 rum
492 2047 544 2124 (ut
557 2041 610 2107 vel
624 2041 748 2105 Balarus
763 2052 894 2106 testatur
914 2039 954 2104 de
970 1977 1123 2127 Gymldo,
1138 2062 1234 2124 quem
1249 1975 1381 2104 madae
1397 2037 1518 2125 laudat)
1541 2039 1596 2104 sed

399 2139 433 2192 et
446 2126 480 2192 in
495 2126 703 2214 descriptione
724 2151 786 2192 suae
802 2125 966 2204 (lambrias,
989 2150 1057 2213 cap.
1075 2127 1126 2204 16,
1148 2124 1257 2190 multis
1279 2136 1408 2190 conatur
1429 2122 1596 2190 defendere

399 2225 507 2280 contra
532 2213 639 2280 doctos
653 2237 770 2290 omnes,
795 2236 859 2278 non
873 2212 966 2278 fuisse
987 2213 1058 2277 illos
1078 2211 1191 2300 spiritu
1203 2211 1375 2300 pithonico,
1398 2210 1454 2275 sed
1476 2210 1595 2278 sincere

398 2323 455 2388 pro
478 2300 584 2366 hetico
599 2315 632 2366 et
647 2299 800 2366 divinitus
815 2299 917 2364 infuso
932 2297 1061 2398 adlatos.
1106 2298 1217 2366 Verba
1232 2297 1361 2397 (lambri
1376 2296 1532 2396 exscribo,
1555 2299 1596 2364 de

400 2325 514 2472 quihus
534 2387 660 2473 judicet
684 2386 797 2452 lector:
820 2385 888 2452 “Si
911 2409 925 2451 s
946 2399 1021 2452 rntu
1044 2385 1241 2474 proferantur
1270 2383 1455 2482 hujusmodi
1480 2384 1596 2535 ssermo

398 2486 465 2538 erat
479 2473 519 2538 de
533 2473 690 2538 vaticiniis
715 2472 846 2538 Merlini
860 2485 893 2538 et
947 2471 1048 2538 'orum
1074 2496 1152 2559 quos
1177 2470 1303 2538 ethnica
1327 2470 1404 2536 ohm
1429 2493 1481 2535 cre
1504 2470 1596 2537 ulitas

399 2573 486 2624 vates
500 2559 639 2647 vocavit)
656 2559 865 2648 scrupulosihs
879 2559 977 2625 lector
991 2557 1150 2645 inquiras?
1171 2582 1235 2624 non
1245 2557 1326 2636 dioc,
1337 2555 1520 2644 pythonico,
1531 2581 1596 2624 non

400 2646 602 2725 daemoniaco,
617 2648 729 2712 verbm
743 2646 818 2733 quia
832 2645 926 2711 solius
940 2645 1003 2711 Dei
1018 2660 1065 2712 est
1085 2643 1248 2734 proprium
1267 2643 1344 2710 scire
1358 2643 1472 2724 futura,
1496 2644 1540 2710 sic
1563 2658 1595 2710 et

396 2733 573 2798 ¹futurorum
588 2733 751 2799 scientiam
773 2734 857 2812 dare,
879 2731 990 2821 spiritu
1012 2733 1147 2798 scientiae
1171 2733 1304 2818 desuper
1329 2743 1361 2796 et
1383 2731 1484 2819 gratid
1509 2732 1594 2810 dato,

399 2821 475 2886 etc.'’
518 2820 606 2885 “Ad
629 2820 690 2887 hoc
706 2832 810 2885 autem
836 2821 921 2907 quod
947 2819 1101 2906 objiciunt
1124 2818 1252 2905 quidam
1280 2819 1412 2906 (legerat
1436 2817 1595 2907 Gyraldus

399 2905 590 2992 objectiones
619 2905 844 2995 Neubrigensis
883 2907 932 2973 sui
960 2906 1128 2994 synchroni
1165 2905 1313 2970 adversus
1340 2904 1527 2992 Merlinum)
1570 2905 1595 2970 si

399 2993 511 3079 spiritu
533 2992 597 3058 Dei
612 2992 818 3060 ducerentur*
841 2993 1031 3080 quandoque
1046 2992 1249 3080 praemitteret
1263 2991 1595 3142 suisdpraedictionibus

400 3089 419 3118 “
433 3079 512 3143 Haee
527 3078 604 3144 dicit
618 3079 763 3145 dominus
778 3080 893 3158 Deus,‘’
914 3080 968 3146 vel
982 3079 1102 3166 aliquid
1116 3079 1150 3144 in
1171 3078 1257 3143 hunc
1271 3102 1324 3144 mo
1347 3101 1401 3143 um
1416 3103 1504 3145 more
1525 3102 1596 3168 pro-

399 3164 537 3252 phetico,
552 3178 585 3230 et
601 3165 760 3250 quietalis
784 3165 992 3266 prophetandi
1013 3166 1124 3231 modus
1138 3165 1173 3231 in
1188 3164 1327 3230 Merlino
1341 3188 1406 3229 non
1427 3165 1593 3253 reperitur,
1691 3189 1698 3198 ’

400 3273 473 3316 eum
487 3250 591 3338 potihs
606 3251 785 3337 Pythonico
806 3251 919 3340 sprritu
940 3253 1080 3317 locutum
1106 3276 1172 3318 esse
1193 3251 1336 3339 plerique
1351 3251 1540 3338 conjectant,
1561 3267 1596 3319 et

399 3337 533 3423 quiade
555 3337 718 3404 sanctitate
742 3338 754 3403 i
777 3338 839 3404 sius
865 3339 917 3404 vel
942 3338 1119 3418 devotione,
1169 3361 1336 3424 uamquam
1362 3337 1464 3403 fidelis
1488 3339 1594 3418 fuerit,

399 3423 529 3489 minime
545 3423 668 3512 legitur.
712 3363 853 3512 Adquae
867 3448 915 3490 res
938 3424 1056 3490 ondeo:
1078 3363 1169 3511 qubd
1185 3448 1249 3490 non
1271 3423 1372 3489 sollrm
1393 3425 1516 3506 sanctis,
1539 3427 1594 3492 sed

399 3511 579 3578 infidelibus
592 3510 761 3591 interdum,
778 3524 810 3578 et
824 3449 1003 3600 gentilibus,
1019 3511 1100 3577 sicut
1108 3511 1238 3577 Balaam
1255 3523 1288 3576 et
1304 3509 1437 3598 sybilla,
1453 3525 1486 3577 et
1499 3512 1593 3578 etiam

398 3597 498 3674 malis,
523 3611 560 3663 ut
575 3597 716 3686 Caiphae,
740 3599 819 3664 sicut
836 3611 869 3664 et
883 3597 991 3678 Beliae,
1013 3599 1186 3698 prophetiae
1200 3596 1327 3686 spiritus
1348 3597 1438 3664 datus
1453 3613 1509 3678 est,
1532 3613 1592 3666 etc.

399 3683 451 3750 De
476 3684 549 3750 filiis
579 3684 674 3750 etiam
698 3684 829 3752 Schevae
855 3684 989 3774 legimus
1013 3708 1047 3750 m
1069 3685 1162 3751 Actis
1186 3684 1421 3772 Apostolorum,
1448 3684 1535 3771 qubd
1559 3686 1594 3751 in

398 3771 526 3836 nomine
550 3771 638 3851 Jcsu,
669 3795 763 3858 quem
792 3773 909 3839 Paulus
930 3772 1129 3859 praedicabat,
1159 3770 1313 3836 damonia
1334 3771 1503 3858 ejecenrnt,
1532 3785 1592 3838 etc.

399 3857 482 3922 Item
495 3857 682 3924 Alexander
697 3859 841 3938 Macedo,
857 3859 1004 3940 Gentilis,
1028 3872 1150 3925 montes
1173 3857 1302 3946 Caspios
1317 3859 1473 3924 transtulit
1487 3871 1520 3923 et
1541 3859 1594 3926 de·

399 3967 468 4009 com
483 3944 581 4010 tribus
597 3945 773 4031 (Haebraici
789 3945 913 4046 populi)
929 3945 1012 4012 intra
1027 3944 1208 4012 eorumdem
1231 3943 1451 4032 pmmcntoria‚
1473 3943 1529 4010 ubi
1544 3969 1593 4010 us·

399 4054 460 4116 que
475 4030 510 4096 in
534 4031 721 4098 hodiernum
743 4033 889 4110 rendent,
915 4045 948 4098 et
1027 4056 1067 4098 ue
1087 4031 1122 4097 in
1145 4032 1316 4098 adventum
1331 4030 1412 4096 Elia
1434 4045 1466 4097 et
1480 4031 1593 4098 Enoch

398 4117 794 4217 residebuntmiraculosh
811 4119 971 4186 conclusit.
1056 4119 1146 4192 erlini
1168 4117 1274 4218 itaque
1297 4117 1493 4270 prophetiam
1516 4119 1594 4272 leqiss

398 4227 479 4282 mus,
505 4217 700 4271 sanctitatem
725 4207 793 4293 ejus
817 4207 870 4272 vel
895 4206 1046 4272 miracula
1069 4230 1134 4272 non
1162 4205 1306 4292 legimus.
1384 4205 1518 4291 bjlciurrt
1539 4205 1590 4270 a''

399 4291 486 4376 qubd
508 4292 668 4378 prophetas
691 4317 757 4358 non
782 4306 874 4360 extra
895 4317 928 4359 se
950 4293 1067 4360 fiebant
1091 4292 1140 4378 (id
1162 4307 1219 4370 est,
1242 4315 1307 4357 non
1329 4303 1417 4357 erant
1438 4295 1591 4376 amentes)

400 4378 525 4463 quando
541 4377 777 4465 prophetabant,
793 4381 873 4447 sicut
887 4380 928 4446 de
942 4379 1080 4446 Merlino
1097 4378 1241 4445 Silvestri
1249 4377 1375 4466 legitur,
1387 4378 1473 4464 qubd
1488 4403 1594 4444 amens

398 4465 497 4529 lachis
510 4464 727 4552 prophetabat,
743 4479 776 4532 et
790 4467 829 4532 de
844 4467 893 4532 his
907 4467 1053 4532 similiter
1073 4465 1161 4554 quasi
1177 4463 1328 4552 arrepitiis
1343 4464 1383 4529 de
1405 4464 1519 4563 quibus
1540 4465 1593 4530 hlo

398 4551 497 4616 locuti
512 4552 643 4631 sumus,'‘
659 4552 833 4639 (videlicet,
849 4554 888 4618 de
904 4553 1087 4633 Calchante,
1104 4551 1286 4632 Cassandri,
1303 4551 1462 4629 Corneho,
1477 4564 1510 4617 et
1524 4551 1594 4618 aliis

432 4771 447 4800 *
465 4767 570 4820 Merlini
580 4771 664 4828 ambo,
676 4773 704 4820 et
722 4783 787 4832 quos
799 4769 928 4833 Gyraldus
947 4770 1081 4834 expressit,
1100 4769 1209 4822 Calchas
1219 4772 1247 4820 at
1257 4767 1410 4826 Cassandra,
1429 4771 1456 4818 et
1467 4767 1593 4832 Helenus,

399 4838 471 4886 vates
482 4833 551 4900 apud
562 4833 713 4896 Homerum,
723 4840 751 4887 et
761 4835 888 4889 idolorum
899 4835 1015 4888 amaros
1026 4835 1132 4900 quidam
1141 4835 1275 4889 Cornelius
1282 4833 1351 4898 apud
1360 4833 1461 4886 Aulum
1470 4833 1593 4888 Gellium.
