3736 6054
410 747 451 812 30
766 763 947 813 aroucam
969 763 1040 812 ruo
1063 761 1252 809 ursanum.
1450 744 1543 833 [err.
1559 763 1609 808 1v.

409 919 546 986 tionibus
560 918 655 985 officii
671 919 710 984 de
723 919 761 983 B.
774 918 900 984 Thomu
911 918 1158 1005 Cautuariense.)
1203 917 1267 982 Istc
1283 930 1329 982 est
1343 915 1539 997 Laurentius,
1554 917 1611 1006 qui

410 1006 451 1072 ad
467 1009 508 1072 14
519 1007 674 1072 Novemb.
689 1006 802 1072 colitur
813 1007 851 1071 ab
867 1006 998 1071 ecclesis
1013 1005 1165 1084 Romanis,
1177 1017 1210 1070 et
1218 1003 1397 1069 nominatur
1408 1004 1442 1069 in
1454 1005 1610 1092 Martyro-

411 1092 497 1180 logio
520 1093 703 1158 universalis
728 1092 965 1158 ecclesiae:fi1it
989 1091 1071 1157 filius
1095 1092 1177 1179 regis
1199 1091 1343 1169 lberniae,
1369 1096 1418 1156 vir
1442 1091 1613 1170 sanctitatis

410 1181 547 1259 eximiae,
571 1181 693 1268 legatus
708 1179 894 1267 apostolicus
908 1180 948 1245 ab
962 1179 1148 1244 Alexandro
1164 1177 1228 1243 111.
1243 1183 1325 1266 papi
1343 1178 1537 1256 constitutus,
1564 1178 1611 1242 in·

411 1267 509 1354 signis
547 1290 626 1332 raeco
642 1267 852 1354 evangelicus,
875 1279 907 1331 ct
920 1268 956 1331 in
970 1267 1036 1330 vitu
1051 1290 1087 1330 ac
1101 1279 1201 1331 morte
1216 1263 1337 1352 magnis
1351 1278 1383 1330 et
1397 1265 1505 1330 multis
1519 1265 1612 1330 mira·

412 1354 491 1419 culis
506 1291 616 1432 clarus,
641 1366 673 1418 et
687 1354 802 1418 relatus
825 1355 865 1418 ab
881 1351 1023 1418 Honorio
1038 1351 1102 1416 111.
1128 1355 1210 1440 papa
1223 1356 1258 1415 in
1272 1351 1413 1439 catalogo
1427 1365 1612 1429 sanctorum,

412 1453 450 1506 ut
464 1439 594 1519 videbit,
640 1440 671 1505 ui
688 1440 774 1505 volet
789 1439 873 1528 apud
885 1439 1022 1518 Surium,
1034 1453 1110 1504 tom.
1123 1441 1153 1515 5,
1170 1439 1209 1503 ad
1226 1439 1267 1502 14
1279 1437 1436 1504 Novemb.
1481 1439 1554 1503 Tuo
1568 1463 1612 1503 se·

414 1528 496 1606 culo,
513 1464 664 1627 Gyralde,
687 1541 720 1594 et
734 1527 821 1592 annis
836 1526 921 1591 vixit
935 1527 969 1590 in
983 1525 1121 1604 Ibernit,
1139 1525 1171 1591 S.
1188 1524 1361 1590 Malachiae
1376 1525 1514 1611 ejusdem
1530 1525 1613 1590 insu·

412 1614 451 1678 lae
475 1614 735 1702 archrepiscopus,
760 1614 885 1702 primas,
909 1613 1031 1700 legatus
1054 1611 1336 1699 apostolicaesedis
1362 1612 1417 1697 qui
1440 1612 1474 1676 in
1499 1612 1610 1678 oaelum

412 1701 562 1789 migravit
589 1725 670 1766 auno
687 1700 804 1766 Christi
821 1701 916 1778 1148,
943 1705 962 1764 2
979 1699 1135 1764 Novemb.
1151 1723 1214 1784 quo
1229 1711 1261 1764 ct
1276 1699 1419 1763 Romana
1434 1698 1564 1764 ecclesia
1578 1699 1612 1763 in

414 1812 470 1854 suo
484 1787 708 1876 martyrologio
724 1787 800 1852 colit
813 1787 926 1874 ipsmn.
970 1785 1057 1850 Num
1072 1797 1105 1850 ct
1119 1785 1320 1864 Malachiam,
1336 1809 1430 1871 quem
1449 1785 1534 1851 dicct
1553 1785 1612 1851 tibi

414 1888 447 1941 et
464 1876 496 1942 S.
508 1875 686 1941 Bemardus
702 1873 933 1961 (quinquennio
942 1895 1005 1936 non
1019 1872 1142 1960 integro
1154 1885 1224 1959 post
1237 1871 1328 1936 illum
1339 1874 1504 1958 mortuus),
1517 1897 1613 1958 quau·

415 1975 466 2028 tus
472 1961 522 2026 vir
533 1961 627 2026 suerit
638 1985 740 2026 coram
748 1959 936 2038 Domino,et
944 1958 1069 2046 populis
1080 1958 1242 2024 nationum
1251 1971 1351 2038 terrae,
1359 1959 1488 2026 audebis
1499 1973 1613 2046 negare

415 2062 570 2136 pastorem
584 2048 713 2125 bonum,
728 2047 783 2111 scd
797 2046 929 2134 pascisse
945 2069 988 2123 se,
1003 2068 1066 2109 non
1080 2069 1220 2144 gregem,
1245 2044 1379 2111 voluisse
1394 2069 1533 2133 praesse,
1549 2069 1614 2110 non

415 2134 570 2222 prodesse,
580 2138 773 2198 nonvacssse
783 2131 996 2232 praedicationi
1004 2131 1296 2220 evangch1,nullam
1305 2132 1474 2198 honestatis
1482 2136 1613 2197 formam
1640 2191 1647 2205 ,

415 2221 468 2286 vel
482 2219 642 2306 religionis
655 2219 843 2307 impressuse
858 2219 892 2283 in
907 2218 1065 2284 mentibus
1082 2231 1136 2284 aut
1150 2219 1295 2306 gentibus
1310 2218 1505 2298 Ibernorum,
1528 2219 1615 2285 nulla

416 2305 588 2405 extirpasse
603 2305 691 2384 vitia,
715 2305 816 2371 nullas
842 2305 1006 2370 inseruisse
1021 2306 1151 2370 virtutes
1164 2305 1199 2369 in
1223 2304 1323 2393 patria
1348 2311 1412 2384 suu,
1435 2329 1500 2371 non
1514 2329 1546 2372 se
1561 2331 1615 2394 op·

416 2415 553 2481 posuisse
569 2415 693 2457 murum
707 2415 765 2479 pro
780 2393 874 2458 domo
888 2391 985 2472 Israel,
1008 2415 1070 2457 uon
1092 2405 1273 2480 promptum
1287 2392 1379 2458 firissc
1400 2417 1457 2492 pro
1472 2417 1567 2481 grege
1582 2417 1614 2459 se

418 2479 529 2544 offerre
545 2479 578 2542 in
593 2478 736 2558 exilium,
756 2479 874 2544 nedum
888 2479 922 2544 iu
937 2477 1092 2544 mortem?
1129 2479 1195 2545 Cur
1220 2478 1418 2544 dissimultstr
1441 2492 1472 2544 te
1493 2481 1630 2546 novisse

418 2565 619 2644 Malachiam,
640 2567 729 2652 cujus
744 2566 770 2630 si
785 2567 908 2632 vultum
922 2589 986 2630 non
1001 2565 1117 2645 vidisti,
1140 2567 1223 2631 certe
1243 2566 1417 2664 cognovisti
1442 2566 1546 2631 virum
1573 2591 1616 2632 ex

421 2652 633 2730 celeberrima,
645 2665 712 2718 toto
727 2666 782 2718 tuo
797 2653 912 2730 seculo,
927 2653 1010 2718 fama
1024 2653 1186 2730 virtutum,
1202 2653 1424 2731 sancumonia
1440 2653 1615 2742 apostolica

382 2819 387 2830 .
417 2741 501 2820 vitae,
525 2739 748 2828 stupendorum
764 2741 832 2827 ejus
846 2740 1063 2805 miraculorum
1081 2740 1228 2826 plurium,
1244 2763 1323 2825 quse,
1336 2753 1521 2828 cooperante
1532 2739 1614 2819 Dec,

418 2832 554 2916 patrtrat
563 2827 596 2891 in
609 2826 745 2904 Iberum,
757 2827 872 2905 scotia,
886 2823 1123 2906 Gallialralia?
1138 2826 1211 2892 Non
1222 2825 1326 2913 legisti
1338 2825 1436 2891 vitam
1447 2827 1614 2892 Malachiae

419 2914 636 3002 provulgatum
652 2914 714 2981 aS.
725 2915 894 2992 chardo,
911 2917 1000 3001 cujus
1015 2913 1158 2978 universa
1173 2913 1286 3000 scripta
1299 2936 1363 2976 non
1377 2927 1424 2978 est
1438 2913 1615 2980 verosimile

417 2999 604 3065 telatuissc?
618 3001 650 3064 N
652 3025 733 3065 onne
739 3016 783 3081 tu,
791 3000 1083 3089 Gyraldc,fortassis
1088 2999 1266 3078 interfuisti,
1274 2999 1409 3086 quando,
1419 3025 1501 3066 anno
1508 3000 1615 3066 salutis

421 3088 506 3152 1194
521 3110 538 3150 e
555 3085 785 3152 Clarevallense
810 3088 996 3169 monasterio
1020 3087 1054 3152 iu
1070 3087 1185 3165 Gallia,
1208 3109 1281 3157 curn
1300 3086 1423 3174 ingenti
1444 3092 1560 3186 pompa
1585 3101 1618 3153 et

420 3172 537 3282 pictate
556 3172 683 3237 suerunt
696 3173 730 3236 in
746 3172 905 3239 lbemiam
930 3174 1084 3238 translatae
1106 3172 1255 3258 reliquiae,
1272 3173 1310 3236 B.
1326 3173 1491 3238 Malachiae
1507 3187 1539 3239 et
1553 3175 1616 3240 ool-

421 3271 491 3324 ratae
506 3259 542 3322 in
556 3258 745 3338 Mellisonte‚
757 3260 899 3325 coenobio
910 3260 1028 3324 ordinis
1045 3260 1077 3326 S.
1093 3259 1256 3339 Bernardi,
1272 3273 1309 3324 ut
1323 3273 1475 3325 testantur
1488 3260 1617 3349 vulgata

420 3345 568 3411 chronica
588 3345 730 3432 ejusdem
756 3345 889 3425 ordinis;
916 3358 949 3411 et
972 3370 1063 3412 ausus
1085 3371 1117 3411 es
1139 3346 1344 3412 nihilomiuus
1366 3347 1469 3412 dicere
1533 3372 1548 3411 r
1569 3362 1618 3415 tot

422 3456 573 3498 annorum
589 3432 752 3510 curricula,
768 3432 863 3498 idest
878 3457 933 3521 per
950 3436 1011 3500 700
1027 3433 1090 3498 fere
1106 3457 1211 3510 annos,
1229 3433 1283 3519 qui
1299 3433 1438 3499 adiebus
1449 3433 1480 3500 S.
1520 3434 1578 3500 atri
1594 3435 1613 3448 '⁸

421 3518 626 3598 effluxerunt,
636 3519 676 3584 ad
701 3543 801 3605 usque
816 3531 939 3608 tempus
953 3532 1014 3584 tuae
1037 3529 1057 3560 ‘⁴
1070 3518 1328 3608 Topographiae‚”
1343 3533 1376 3584 et
1397 3530 1416 3560 “
1428 3520 1617 3586 Vaticinalis

423 3605 597 3684 Historiae‚”
620 3606 758 3694 (scriptae
780 3605 917 3694 primum
931 3607 984 3671 vel
1005 3606 1141 3694 vulgatae
1163 3631 1245 3672 anno
1267 3605 1373 3672 salutis
1390 3609 1489 3694 1188)
1508 3631 1549 3672 ne
1564 3607 1617 3673 vel

422 3717 522 3758 unum
547 3693 666 3759 bonum
688 3707 843 3782 pastorem
866 3695 1038 3758 animarum
1061 3693 1178 3758 vidisse
1201 3693 1369 3772 lbemiam,
1392 3695 1446 3759 scd
1462 3695 1501 3759 ad
1515 3719 1615 3759 unum

424 3803 532 3846 omnes
580 3793 695 3845 astores
719 3781 811 3847 fuisse
837 3780 958 3845 desides
980 3795 1013 3845 et
1033 3781 1191 3868 pessimos,
1219 3781 1327 3865 quise
1350 3783 1526 3867 pascebant,
1552 3805 1616 3847 non

425 3805 579 3955 gregemi
604 3868 698 3950 quiam
713 3879 745 3932 te
759 3879 966 3932 transversum
981 3867 1056 3955 agit,
1073 3891 1196 3934 aversus
1211 3869 1259 3933 ab·
1266 3867 1387 3933 Ibernio
1398 3868 1519 3934 animus
1534 3881 1616 3948 tuus,

424 3953 480 4038 qui
495 3953 534 4018 ad
550 3953 621 4018 illos
635 3953 891 4031 dehonestandos,
908 3955 1002 4020 etiam
1018 3978 1087 4041 quae
1102 3953 1136 4018 in
1151 3954 1255 4019 oculos
1271 3967 1340 4018 tuos
1354 3953 1563 4034 incurrebant,
1584 3971 1617 4021 et

420 4040 458 4103 *in
481 4039 591 4105 diebus
613 4039 675 4105 tuis
700 4054 857 4140 spectante
873 4055 906 4107 et
922 4056 1066 4128 stupente
1090 4041 1235 4106 universa
1259 4041 1340 4128 pene
1367 4041 1453 4107 Euro
1478 4041 1617 4108 schris-

424 4125 521 4204 dant,
544 4125 700 4192 mirabilia
714 4151 748 4191 m
762 4129 895 4193 salutem
910 4141 942 4194 et
963 4128 1114 4193 honorem
1128 4127 1213 4192 illius
1235 4127 1337 4215 gentis
1352 4151 1408 4215 per
1424 4066 1615 4194 Milachiam

424 4213 551 4292 fiebant,
561 4213 613 4278 vel
629 4213 755 4278 omniuo
770 4214 953 4293 dissimulas,
964 4215 1015 4279 vel
1030 4213 1111 4279 sacta
1125 4237 1231 4301 negas.
1275 4214 1389 4280 Nonne
1402 4215 1442 4280 de
1457 4215 1617 4281 Malachilt

423 4298 508 4364 inter
532 4298 666 4387 plurima
691 4299 798 4366 vidisti
822 4302 889 4367 haec
916 4303 1011 4367 verba
1036 4300 1120 4389 apud
1146 4301 1356 4366 chardum:
1380 4302 1572 4383 “Quoniam
1599 4327 1618 4368 a

425 4391 508 4451 terrai
533 4385 649 4451 defecit
661 4403 795 4466 sanctus,
819 4389 929 4454 videor
943 4388 1022 4452 mihi
1036 4412 1100 4454 non
1114 4388 1304 4475 supervacue
1320 4411 1362 4452 ex
1376 4388 1426 4453 his
1449 4389 1504 4474 qui
1519 4389 1617 4476 empti

426 4486 499 4538 sunt
514 4473 553 4537 dc
580 4477 671 4552 terri,
698 4497 843 4540 revocare
859 4475 898 4540 ad
918 4473 1069 4554 medium,
1088 4473 1279 4540 Malachiam
1306 4475 1497 4573 episcopum,
1513 4475 1616 4538 virum

425 4561 499 4625 vore
515 4571 665 4636 sanctum,
692 4573 725 4624 et
739 4575 915 4626 nostrorum
939 4562 1066 4647 quidem
1089 4575 1264 4648 temporum
1279 4561 1443 4648 singularis
1458 4560 1616 4648 sapientise

425 4662 459 4714 et
473 4645 606 4712 virtutis.
665 4646 728 4712 lste
751 4661 818 4712 erat
839 4647 966 4713 lucerna
991 4649 1100 4714 ardens
1127 4661 1159 4713 et
1184 4648 1300 4727 lucens,
1323 4672 1382 4713 nec
1406 4661 1454 4714 est
1476 4645 1617 4712 extincta

425 4747 542 4816 tamen,
567 4733 620 4799 scd
635 4735 787 4814 submota,
810 4735 880 4821 quis
895 4735 973 4800 mihi
995 4749 1155 4801 succenset
1169 4737 1194 4799 si
1208 4735 1408 4800 readmovero
1433 4734 1529 4811 eam,''
1552 4740 1617 4812 dac,

426 4821 453 4886 si
468 4821 585 4888 mundo
601 4820 760 4887 restituam
785 4824 847 4908 qul)
871 4821 984 4910 diguus
998 4836 1119 4889 revcret
1134 4821 1349 4903 mundus-si
1364 4845 1486 4889 servem
1499 4843 1616 4886 memo·
