3772 6008
255 809 334 859 cnr.
351 787 445 878 vm]
640 805 821 856 aroucam
835 806 907 855 ruo
921 805 1106 854 nmmum.
1389 789 1449 855 101

255 987 328 1032 com
352 963 466 1043 ulsum,
492 960 607 1028 deinde
631 961 666 1028 in
690 961 798 1051 praelia
822 963 988 1029 collectum
1013 962 1175 1041 vicerunt;
1205 963 1304 1028 tribus
1324 963 1449 1032 tantum

257 1064 322 1119 sate
348 1051 443 1117 'tibus
468 1048 533 1116 sive
557 1048 711 1116 militibus
736 1073 779 1116 ex
803 1052 867 1116 540
894 1050 1081 1137 (nonenim
1105 1049 1209 1138 plnres
1230 1049 1323 1114 duxit
1344 1072 1449 1115 secum

258 1151 331 1204 tuus
360 1137 453 1216 nsua,
482 1147 520 1201 ut
540 1136 674 1224 scribis)
715 1137 826 1202 vestris
851 1136 1054 1224 popularibus
1080 1135 1277 1214 desideratis;
1306 1135 1450 1224 plurimis

259 1237 365 1291 autem
380 1247 422 1289 ex
437 1222 536 1289 tribus
550 1222 672 1311 magnis
683 1222 832 1288 Rodsrici
847 1222 1022 1288 monarchas
1037 1222 1229 1289 exercitibus
1243 1221 1448 1311 interemptis.

258 1311 298 1378 si
311 1333 440 1397 quaeras,
455 1322 509 1376 aut
522 1310 592 1376 loco
606 1309 663 1389 tui,
679 1309 833 1410 quispiam
847 1309 1016 1375 admirator
1029 1323 1061 1376 et
1071 1333 1172 1399 praeoo
1183 1322 1244 1374 tnae
1256 1309 1449 1388 eruditionis,

257 1395 1450 1550 urnttsmrststuarssutssttttrturs

260 1570 363 1660 capite
394 1507 516 1636 octavd
526 1569 739 1654 ,namnonem
761 1581 794 1635 et
813 1568 1033 1636 refutationem
1054 1570 1230 1636 fabularum
1252 1567 1450 1636 Cambrensis

261 1656 529 1724 commemorarim
541 1679 584 1722 ex
595 1655 722 1736 eodem3
744 1667 792 1721 tot
808 1656 916 1744 praelia
929 1679 948 1722 a
961 1656 1163 1745 popularibus
1177 1654 1274 1744 ipsius
1288 1654 1452 1722 commissa

261 1744 407 1810 adversus
421 1742 612 1810 Rodsricum
632 1764 739 1831 regem
761 1742 920 1809 consone
942 1756 974 1808 st
994 1743 1194 1809 monarcham
1214 1741 1345 1832 reliqum
1364 1742 1450 1808 Iber·

259 1830 338 1908 niae3
360 1830 534 1896 invasiones
554 1828 632 1896 item
652 1829 785 1908 crebras,
807 1853 883 1916 quas
905 1829 1033 1897 (lambri
1054 1829 1219 1919 populares
1238 1833 1397 1896 tentarant
1414 1828 1450 1896 in

261 1916 419 1982 universas
434 1915 567 1982 Ibemioe
580 1915 767 2006 provincias,
782 1927 815 1982 et
836 1915 975 2004 angulos,
990 1939 1047 2005 per
1068 1919 1169 2006 spatia
1189 1915 1305 2004 viginti
1328 1914 1451 1982 circiter

262 2027 430 2081 annornm3
452 2015 618 2090 antequam
630 2002 717 2068 idem
730 2013 835 2070 noster
849 2002 985 2070 Camber
998 2027 1086 2069 suam
1099 2003 1187 2068 illam
1201 2003 1241 2068 de
1254 2001 1360 2083 nudis,
1374 2025 1451 2069 non·

262 2090 338 2156 dum
366 2089 531 2178 baptizatis
560 2089 691 2169 Ibernis,
721 2101 780 2155 etc.
809 2089 956 2156 fabellam
984 2089 1239 2156 contumeliosam
1268 2089 1303 2156 in
1338 2089 1452 2178 vulgus

261 2176 448 2265 dissipasset,
464 2177 615 2263 querenti
628 2175 814 2264 respondere
835 2197 973 2264 possem3
995 2177 1048 2243 vel
1069 2177 1143 2243 hino
1164 2175 1336 2256 manifesta,
1359 2175 1448 2242 Onmss

262 2264 416 2343 brensem,
432 2286 542 2352 parum
556 2262 725 2330 sollicitum
739 2262 780 2329 de
793 2261 967 2329 constantia
980 2263 1015 2328 in
1030 2262 1204 2342 scribendo,
1226 2274 1332 2329 contra
1353 2285 1397 2343 se,
1419 2275 1452 2330 et

263 2350 446 2417 mendacem
466 2349 604 2416 fabulam
624 2349 698 2416 “de
719 2348 812 2415 nudis
832 2372 897 2415 non
918 2349 1109 2437 baptizatis,”
1129 2363 1189 2416 etc.
1211 2350 1347 2450 proferre
1368 2347 1453 2416 testi·

263 2436 378 2502 monia.
423 2435 510 2518 Quid
524 2435 632 2502 enim?
680 2436 813 2503 Recolas
827 2447 882 2502 tna
895 2436 990 2515 dicta,
1013 2436 1169 2525 Gyralde:
1192 2461 1246 2516 ars,
1270 2435 1335 2502 “in
1349 2436 1452 2502 insulb

264 2523 397 2590 Iberniae
425 2522 566 2590 nondum
596 2523 791 2611 (‘nunquem
818 2522 988 2610 nequidem
1017 2548 1036 2589 a
1064 2521 1256 2611 temporibus
1280 2522 1312 2589 S.
1328 2522 1453 2589 Patritii

264 2610 553 2784 tatttttt
566 2609 1453 2786 tttttt‚tt’tutttlttt³t¹t⁰q⁸tultllll

264 2784 409 2849 viderant
422 2783 564 2850 homines
585 2783 715 2849 humani
730 2783 860 2862 cultds,'’
873 2795 1038 2870 antequam
1057 2783 1211 2861 viderent,
1233 2781 1315 2848 circa
1335 2805 1453 2848 annum

263 2871 411 2936 eumdem
425 2869 533 2936 salutis
556 2871 652 2950 1188,
676 2868 865 2958 alienigenas
888 2869 969 2948 illos,
994 2881 1104 2936 nautas
1148 2869 1290 2957 epulares
1314 2881 1395 2949 tuos,
1418 2868 1453 2933 in

264 2956 338 3022 navi
351 2957 456 3044 lignea
470 2956 600 3044 magub3
623 2968 695 3023 ante
709 2979 804 3043 quam
822 2955 931 3035 visam,
953 2956 1047 3022 aliam
1067 2893 1187 3021 nullam
1207 2979 1347 3041 unquam
1367 2955 1455 3021 vide·

264 3054 347 3123 runt,
376 3057 413 3108 ut
431 3067 536 3130 neque
560 3067 700 3130 unquam
747 3043 894 3129 uioquam
922 3043 1088 3108 andierunt
1117 3042 1157 3108 de
1187 3041 1321 3122 Christo,
1350 3065 1453 3129 neque

259 3129 412 3196 ‘viderunt
424 3152 548 3218 panem,
563 3068 754 3210 caseumdb
1383 3127 1390 3142 “
1431 3128 1439 3142 ’

265 3216 380 3296 oblata,
405 3229 443 3282 ut
455 3227 645 3284 revertentes
660 3215 934 3282 ostenderentsnis
954 3215 1061 3282 multis
1075 3215 1234 3316 indigenis
1248 3214 1338 3281 sociis
1352 3215 1455 3296 nudis,

265 3303 406 3368 nondum
434 3303 611 3391 baptizatis,
653 3303 870 3389 “quibusnam
898 3302 1049 3384 cibariis,”
1083 3326 1161 3369 novi
1195 3301 1243 3367 illi
1273 3301 1456 3392 alienigenas

266 3401 474 3470 vescerentur,
489 3389 567 3456 etc!

310 3476 390 3543 Haec
404 3487 455 3542 tu:
499 3476 557 3556 uis,
572 3498 686 3562 quaeso,
701 3476 761 3542 nisi
775 3475 949 3542 insensatus
970 3473 1086 3555 credat,
1108 3487 1164 3542 aut
1184 3475 1345 3563 probabile
1366 3485 1457 3565 putet

265 3563 384 3630 incolas
397 3501 617 3629 ulloslambm
631 3563 666 3628 in
681 3562 804 3652 angulis
817 3561 951 3629 Iberniae
965 3561 1085 3661 insulae,
1102 3563 1207 3663 (cujus
1221 3561 1385 3662 longitudo
1398 3562 1458 3628 vix

266 3661 392 3737 superat
405 3649 633 3738 quadringenta
647 3649 746 3716 millia
759 3673 894 3737 passum,
910 3661 943 3716 et
956 3649 1090 3715 latitudo
1104 3673 1164 3714 vrx
1185 3648 1321 3716 ducenta
1341 3648 1456 3736 mrlha)

267 3760 338 3823 quae
353 3759 409 3824 per
423 3735 601 3803 nnivemam
615 3735 713 3816 illam,
729 3735 883 3823 quotidie,
908 3758 966 3824 per
987 3734 1112 3824 viginta
1133 3758 1230 3801 annos
1255 3747 1455 3823 grassantem,

268 3822 375 3910 gladio
389 3823 506 3902 hostili,
522 3834 679 3889 catervam
694 3823 952 3911 alienigenarum,
974 3833 1007 3888 et
1027 3822 1155 3910 regione
1176 3826 1244 3888 tota
1263 3821 1404 3908 undique
1426 3835 1459 3888 et

267 3909 384 3996 ubique
398 3909 558 3998 perpetuis
571 3909 671 3988 bellis,
688 3909 834 3988 caedibus,
849 3921 883 3976 et
895 3907 971 3975 rivis
985 3908 1163 3996 sanguineis
1173 3908 1379 3988 redundante,
1393 3932 1458 3977 non

267 3995 329 4062 nisi
351 3995 489 4077 demum,
512 4008 584 4086 post
603 3995 788 4062 vicesimum
802 3995 926 4062 circiter
940 4019 1067 4075 annum,
1081 4007 1239 4062 tantorum
1253 3995 1458 4074 tumultuum,

268 4094 301 4148 et
336 4082 443 4148 uidem
457 4084 547 4149 casui
569 4082 666 4170 idque
679 4106 744 4149 non
757 4081 827 4171 ipsd
839 4083 977 4170 reglone,
989 4081 1045 4150 ubi
1057 4081 1162 4149 omnia
1175 4081 1296 4149 tamdiu
1310 4081 1461 4149 ardebant

267 4169 309 4236 be
345 4193 369 4248 s,
394 4169 450 4236 sed
475 4169 552 4236 dum
577 4169 612 4234 in
636 4167 775 4236 cimbulb
795 4167 996 4257 piscarentur,
1018 4167 1053 4233 in
1073 4168 1163 4248 mari,
1184 4168 1322 4259 primbm
1343 4169 1460 4235 vidisse

268 4267 379 4322 nautas
401 4256 530 4343 aliquot,
566 4268 599 4323 et
619 4254 763 4323 habitum
783 4255 956 4323 humanum
976 4255 1103 4322 illorum
1124 4255 1381 4344 alienigenarum,
1403 4254 1459 4342 qui

269 4341 427 4408 Iberniam
451 4355 550 4408 totam
574 4341 696 4408 tamdiu
716 4365 848 4422 sursum,
874 4342 1019 4409 deorsum
1041 4353 1161 4409 vertere
1183 4366 1249 4409 non
1269 4341 1461 4409 desistebant

268 4427 827 4582 lntttfflttttltttlffi
840 4428 1460 4584 ffiffidldmdmltl‘dlialilslmli

265 4601 432 4688 provincia
453 4602 599 4670 Conaeiae
616 4604 701 4754 (dim
716 4627 748 4668 m
812 4602 933 4668 'tudine
948 4602 1005 4667 vix
1020 4539 1163 4689 quiddam
1182 4613 1304 4691 purtem
1325 4566 1459 4669 Iber'niae

269 4690 416 4776 occupat)
432 4690 486 4776 qui
500 4689 582 4754 nihil
596 4713 636 4754 au
660 4689 752 4756 ‘erint
788 4689 939 4755 ednabus
953 4689 1016 4755 illis
1036 4689 1289 4756 memorabilibus
1311 4687 1461 4754 (lambro-

269 4797 340 4840 rum
354 4788 387 4841 et
401 4776 580 4864 Anglorum
595 4775 629 4841 in
644 4775 815 4844 (lonaoiam
824 4774 1085 4864 impressionibus,
1098 4799 1184 4862 quas,
1196 4775 1314 4842 eisdem
1325 4773 1460 4862 Gyrnldi

271 4861 381 4930 diebus
395 4861 547 4945 fecerunt,
564 4875 597 4930 ct
610 4863 659 4930 bis
672 4864 707 4931 in
722 4865 799 4945 acic,
821 4863 941 4930 victum
962 4886 1069 4952 rogem
1091 4861 1235 4930 Conscia
1257 4860 1458 4944 Rodcricum,

755 3153 864 3215 aquae
890 3129 929 3196 ab
955 3129 1072 3196 eisdem
1097 3127 1207 3195 alienis
1230 3128 1357 3195 fuerunt
1381 3153 1457 3216 rpsrs
