3772 6008
443 687 484 752 86
785 704 965 754 aroucam
981 705 1253 755 recursurum.
1452 685 1545 774 [car.
1562 700 1625 750 vn.

440 881 538 945 usque
553 859 692 926 extollat.
737 859 819 927 Nam
833 873 870 927 ut
884 861 1026 928 omittam
1040 881 1280 928 commemorare
1294 882 1341 938 ea,
1365 859 1460 946 quaei
1528 859 1562 924 in
1577 859 1626 924 sui

441 946 744 1013 commendationem
770 949 808 1014 ab
836 949 903 1014 aliis
928 948 1012 1014 dicta
1033 948 1136 1027 refert,
1156 946 1295 1036 exempli
1316 950 1418 1025 causa,
1525 959 1627 1011 terum
1703 1003 1707 1008 .

463 1033 608 1098 uemdam
647 1033 780 1122 Mapum
810 1035 1027 1101 Oxoniensem
1056 1033 1328 1101 archidiaconum*
1365 1032 1484 1098 dixisse
1512 1033 1627 1119 scripta

440 1057 583 1208 dyruut,
605 1120 731 1209 “longe
750 1121 939 1208 longaeviora
964 1145 1029 1188 esse
1043 1135 1077 1187 et
1101 1119 1306 1188 laudabiliora
1326 1131 1360 1186 et
1379 1119 1479 1208 magis
1500 1119 1627 1208 egregia

439 1207 534 1293 qulam
548 1206 687 1306 ejusdem
703 1207 813 1287 dicta,”
839 1207 978 1294 alioquin
993 1209 1085 1275 docta
1099 1207 1256 1296 dignaque
1269 1217 1325 1272 sno
1341 1218 1476 1287 auctore,
1490 1219 1568 1284 etc.;
1589 1217 1627 1269 ut

436 1306 540 1359 narrat
560 1293 647 1358 ldem
762 1295 820 1360 dus
844 1294 878 1360 in
914 1295 1032 1361 roemio
1052 1295 1193 1360 secunda
1209 1293 1355 1360 editionis
1375 1304 1409 1358 et
1422 1291 1624 1369 correctioris,

437 1391 475 1444 ut
487 1392 589 1460 vocat,
604 1403 666 1446 suaa
717 1379 869 1447 aticinalis
884 1319 1041 1461 Ilisrofiae,
1061 1382 1083 1448 J
1084 1380 1176 1448 oanni
1191 1381 1247 1446 An
1268 1380 1370 1445 lorum
1383 1378 1450 1468 regi
1465 1379 1625 1445 dedicata.

437 1466 519 1566 Item
540 1466 594 1567 in·
622 1467 702 1568 rimu
714 1467 899 1582 prpelatione
921 1467 1152 1568 Descripticnis·
1169 1405 1351 1568 Geminius?
1372 1466 1545 1566 “nonnulli
1555 1465 1625 1565 'sub

435 1575 576 1705 {lilia
589 1554 1625 1730 1111ιῖ1ιιᾚέξῖιιῖιέιᾚιῗῗὲἕῆἓέιθῗω.ΡἚῗῖῗ
1644 1621 1646 1624 ·

436 1739 530 1812 q'uam
555 1725 623 1805 ista,
638 1739 672 1792 et
695 1726 808 1793 similia
828 1729 980 1806 omittam,
1003 1728 1069 1816 ipse
1085 1727 1220 1794 Oamber
1239 1727 1274 1792 in
1288 1727 1425 1792 secunda
1443 1723 1624 1816 prefatione

434 1813 589 1878 (lambriae
603 1837 677 1892 suae,
692 1814 845 1916 expressis
860 1815 973 1894 verbis,
988 1814 1027 1880 de
1042 1838 1075 1880 se
1089 1815 1144 1895 ait,
1166 1823 1186 1856 “
1199 1837 1269 1880 suos
1282 1814 1377 1879 libros
1396 1813 1537 1901 egregios
1551 1807 1625 1878 viril

434 1899 557 1987 magnis
572 1901 691 1966 oblatos
704 1901 824 1981 fursse,'’
838 1902 892 1966 sed
907 1901 1043 1967 “statim
1057 1901 1092 1966 in
1106 1900 1227 1967 scriniis
1240 1901 1417 1966 reconditos
1429 1912 1462 1965 et
1475 1913 1623 1985 tanquam

434 1999 587 2084 perpetuo
607 1986 722 2052 carceri
743 1987 872 2053 traditos
887 1999 919 2052 et
939 1989 1097 2054 retrusos.”
1140 1989 1185 2054 Et
1198 1987 1253 2052 lib.
1270 1989 1287 2051 1
1304 1986 1350 2052 sui
1366 1985 1486 2062 Itineri,
1507 2009 1574 2073 cap.
1591 1987 1622 2063 2,

433 2072 547 2158 inquit,
563 2082 582 2112 ‘¹
590 2095 622 2138 se
633 2097 724 2138 suum
733 2096 796 2138 non
806 2073 945 2161 ignobile
956 2099 975 2140 o
996 2098 1033 2140 us
1045 2073 1300 2174 Topographiam
1309 2072 1493 2150 themam,
1505 2071 1623 2137 archie-

432 2157 561 2259 piscopo
578 2157 738 2246 Stephano
752 2165 948 2260 praesentasse
974 2098 1061 2248 isene
1075 2163 1137 2226 msi
1152 2183 1230 2239 erro,
1244 2159 1303 2224 vix
1317 2158 1385 2224 vidi
1399 2169 1454 2223 ant
1467 2157 1531 2245 legi
1545 2181 1623 2246 opus

431 2244 611 2332 rgn0b1lius,
635 2245 818 2325 mordacius,
840 2247 1031 2328 mendacius,
1058 2250 1152 2334 quiam
1175 2245 1428 2334 Topographiam
1453 2243 1541 2310 illam
1558 2247 1623 2310 una

431 2353 504 2396 cum
521 2330 693 2397 Vaticinali
707 2331 863 2417 Historia)
887 2347 920 2400 et
933 2333 967 2398 in
980 2335 1160 2423 praefatione
1181 2331 1405 2398 mordacissimi
1426 2330 1500 2398 libri
1514 2330 1554 2396 de
1570 2330 1622 2395 In·

432 2416 601 2484 structione
616 2417 782 2507 Principis,
803 2419 886 2486 inter
899 2419 971 2500 alia,
986 2421 1039 2500 ait,
1049 2430 1070 2462 ‘⁸
1084 2421 1119 2488 Si
1134 2421 1211 2509 quid
1226 2443 1244 2484 a
1257 2418 1378 2484 nobiae
1434 2417 1487 2505 gie
1500 2415 1621 2482 dictum

432 2503 485 2569 vel
499 2517 623 2592 gestum
637 2504 741 2584 fuerit,
765 2506 869 2572 statim
891 2507 994 2594 quoad
1015 2507 1115 2589 licuit,
1137 2519 1192 2574 aut
1212 2505 1292 2572 illud
1306 2439 1475 2570 invidias
1497 2503 1618 2592 pressit,

432 2603 487 2655 aut
500 2591 618 2658 malitia
632 2593 837 2680 pervertendo
857 2595 1005 2685 corrupit,
1021 2596 1098 2674 eta”
1140 2592 1278 2682 Egregie
1293 2605 1324 2658 te
1338 2591 1454 2669 laudas,
1569 2589 1620 2669 de,

431 2676 574 2762 quicum
588 2679 643 2745 lib.
660 2681 678 2744 1
694 2678 804 2746 Itiner.
819 2703 886 2782 cap.
903 2684 932 2760 1,
948 2682 1110 2761 currisset,
1133 2678 1397 2766 quemadmodum
1418 2676 1622 2764 archiepisco-

428 2787 487 2851 pus
500 2764 733 2832 (lantuariensis
744 2766 918 2833 Baldurnus
929 2767 1080 2835 concione
1090 2769 1198 2834 habita
1212 2767 1253 2832 ad
1267 2777 1433 2855 presentes
1442 2763 1524 2828 viros
1537 2763 1620 2852 prin·

429 2851 524 2939 cipes,
540 2875 557 2916 e
580 2853 709 2940 isccpoe,
747 2855 880 2934 nesules,
903 2855 1055 2942 populum
1069 2855 1250 2943 plurimum,
1270 2864 1308 2917 ιιι
1322 2851 1518 2918 allicerentur
1531 2849 1617 2916 audi·

429 2949 511 3003 tores
526 2962 544 3002 a
579 2877 794 3026 recipiendum
809 2940 844 3005 in
856 2941 994 3008 vestibus
1008 2941 1133 3030 signum
1147 2951 1260 3007 sanctae
1274 2939 1384 3016 crucis,
1394 2950 1427 3004 et
1440 2938 1480 3005 ad
1490 2937 1617 3002 nomina

428 3045 484 3088 sua
498 3023 601 3090 danda
614 3049 706 3090 sacrae
721 3025 852 3106 militiae,
867 3027 1074 3115 proficiscenti
1090 3027 1131 3094 ad
1144 3025 1336 3092 liberandam
1347 3037 1459 3090 terram
1468 3036 1614 3101 sanctam,

429 3109 494 3175 sive
520 3110 719 3192 Palestinam,
745 3114 785 3178 ab
810 3112 1035 3203 irruptionibus
1052 3128 1086 3180 et
1106 3112 1229 3201 injuriis
1250 3111 1400 3190 saladini,
1423 3111 1616 3195 aliorumque

429 3195 733 3296 birbometanorum,
756 3199 907 3287 “primus
922 3201 1089 3280 omnium,”
1102 3199 1206 3286 inquit
1220 3200 1260 3265 de
1274 3223 1307 3265 se
1321 3195 1529 3297 Gambrensis,
1545 3205 1564 3236 ‘⁴
1575 3195 1615 3261 ad

427 3306 473 3346 rm
514 3295 638 3350 rtunam
663 3309 733 3370 quae
754 3301 949 3374 precesserat
962 3288 1044 3376 regis
1058 3286 1247 3365 instantiam,
1262 3285 1316 3351 ille
1330 3307 1385 3370 qm
1399 3295 1521 3370 scripsit
1533 3281 1612 3361 hac,

430 3305 548 3452 (idpoest,
564 3371 679 3437 librum
694 3371 864 3460 Itinerarii)
881 3373 949 3440 aliis
962 3375 1144 3462 exemplum
1158 3373 1307 3460 praebens,
1323 3393 1355 3436 se
1370 3368 1488 3459 primus
1501 3368 1614 3468 erexit,

427 3469 460 3522 et
488 3457 528 3523 ad
549 3458 771 3526 validissimam
792 3483 918 3548 quoque
939 3461 1081 3526 omnium
1105 3459 1351 3535 instructionem,
1376 3457 1416 3523 ad
1438 3457 1533 3544 pedes
1553 3478 1614 3518 vua

426 3543 525 3609 sancti
537 3543 717 3634 (Balduini)
729 3547 922 3636 provolutus,
937 3549 1037 3614 crucis
1051 3545 1245 3636 signaculum
1260 3543 1372 3610 devote
1386 3542 1504 3630 suscepi
1519 3563 1613 3626 quem

426 3630 511 3696 illicb
535 3631 647 3698 Petrus
662 3633 862 3703 Manavensis
877 3635 1041 3725 episcopus
1055 3648 1125 3700 tam·
1134 3632 1275 3698 imitatus
1297 3642 1345 3696 est
1365 3631 1461 3715 quarn
1481 3640 1613 3706 secutus,

425 3717 540 3784 deinde
565 3719 684 3786 AEncas
707 3721 820 3788 AEneae
846 3722 974 3790 Claudii
998 3721 1091 3800 filius,
1113 3719 1256 3786 Elveniae
1277 3719 1430 3807 princeps,
1452 3737 1524 3781 cum
1544 3713 1615 3779 aliis

425 3804 557 3883 multis,”
579 3819 638 3872 etc.
683 3807 1001 3888 Fortassedecuisset
1021 3807 1121 3898 magis
1131 3820 1172 3873 ut
1192 3806 1306 3894 primas
1324 3803 1516 3880 concederes,
1538 3824 1614 3866 vura

423 3890 622 3979 principibus
636 3906 668 3959 et
682 3895 843 3984 episcopis,
866 3896 1005 3984 alioquin
1015 3919 1073 3985 per
1086 3917 1118 3962 se
1132 3891 1302 3983 propensis,
1325 3902 1358 3956 et
1371 3889 1517 3977 exemplo
1531 3887 1613 3987 ipso·

424 3999 494 4042 rum
516 3978 677 4060 invitatus,
703 3982 830 4049 eosdem
858 3983 1024 4050 imitareris
1051 3984 1086 4047 in
1111 3979 1295 4047 assumendo
1318 3976 1478 4065 signaculo
1502 3997 1611 4052 crucis,

424 4064 519 4149 quam
532 4077 569 4130 ut
582 4077 628 4144 ιιι,
643 4067 698 4152 qui
713 4067 839 4135 inferior
853 4093 920 4136 eras
935 4069 1098 4158 dignitate,
1109 4064 1302 4142 auctoritate,
1316 4062 1477 4164 sapientia,
1487 4074 1518 4126 te
1529 4060 1612 4126 ultro

424 4162 573 4216 statueres
587 4153 779 4243 exemplum,
795 4156 879 4243 quod
892 4157 941 4222 illi
956 4157 1160 4222 imitarentur.
1207 4151 1271 4218 Sed
1285 4151 1411 4215 forsitan
1425 4149 1519 4215 etiam
1534 4158 1611 4211 tunc

423 4250 455 4303 te
468 4237 619 4318 titillavit,
642 4263 712 4325 quea
726 4243 767 4307 ad
789 4243 969 4310 scribendos
991 4243 1087 4308 libros
1108 4239 1284 4340 impulerat,
1306 4232 1564 4332 aviditasuglorioe
1578 4244 1611 4297 et

422 4323 511 4389 famae
535 4324 656 4406 futurae,
682 4339 741 4394 etc.
801 4330 879 4420 Cap.
908 4333 947 4397 11
975 4329 1115 4417 ejusdem
1140 4327 1195 4392 bb.
1218 4327 1236 4389 1
1257 4323 1364 4390 Itiner.
1393 4321 1509 4419 sanim,
1539 4318 1609 4382 “ab

421 4410 638 4478 archidiacono
665 4412 860 4492 Manavensi,
887 4419 978 4484 cu'us
1003 4437 1118 4481 nomen
1147 4410 1305 4502 presentis
1334 4405 1473 4496 opusculi
1492 4425 1609 4469 nomen

420 4510 516 4578 tenet,
542 4499 596 4586 (dc
622 4523 653 4566 se
668 4499 806 4589 loquitur
831 4503 862 4570 G
932 4505 1003 4590 dus)
1030 4503 1125 4567 verbo
1158 4497 1288 4564 Domini
1316 4493 1448 4583 gratiose
1477 4490 1608 4580 prolato,

452 4709 463 4736 ’
481 4711 540 4826 Ipse
559 4715 599 4762 est
617 4683 694 4776 enjus
704 4713 733 4764 in
752 4715 868 4780 catalogo
878 4715 958 4766 Batai
974 4713 1119 4765 recitantur
1136 4711 1223 4776 plures
1233 4707 1324 4760 tamnu
1346 4703 1426 4758 libelli
1436 4708 1463 4756 et
1479 4707 1572 4768 mtyraa
1582 4703 1610 4753 in

417 4778 489 4839 mnu
509 4791 565 4827 cern
575 4777 730 4842 Romnum,
743 4781 885 4833 Romanam
896 4781 1004 4839 cunam
1023 4778 1165 4830 cardinales
1174 4783 1200 4829 et
1212 4777 1283 4826 alios.
