<?xml version="1.0" encoding="UTF-8"?>
<!DOCTYPE html PUBLIC "-//W3C//DTD XHTML 1.0 Transitional//EN"
    "http://www.w3.org/TR/xhtml1/DTD/xhtml1-transitional.dtd">
<html xmlns="http://www.w3.org/1999/xhtml" xml:lang="en" lang="en">
 <head>
  <title>
</title>
<meta http-equiv="Content-Type" content="text/html;charset=utf-8" />
  <meta name='ocr-system' content='tesseract 3.04.00' />
  <meta name='ocr-capabilities' content='ocr_page ocr_carea ocr_par ocr_line ocrx_word'/>
</head>
<body>
  <div class='ocr_page' id='page_1' title='image "apologiaprohibe00kellgoog_0092.png"; bbox 0 0 3736 6054; ppageno 0'>
   <div class='ocr_carea' id='block_1_1' title="bbox 290 755 1484 846">
    <p class='ocr_par' dir='ltr' id='par_1_1' title="bbox 290 755 1484 846">
     <span class='ocr_line' id='line_1_1' title="bbox 290 755 1484 846; baseline 0.002 -24"><span class='ocrx_word' id='word_1_1' title='bbox 290 773 369 822; x_wconf 73' lang='lat' dir='ltr'>cur.</span> <span class='ocrx_word' id='word_1_2' title='bbox 385 755 434 846; x_wconf 75' lang='lat' dir='ltr'>u]</span> <span class='ocrx_word' id='word_1_3' title='bbox 639 770 821 822; x_wconf 77' lang='lat' dir='ltr'>sronocrs</span> <span class='ocrx_word' id='word_1_4' title='bbox 842 771 914 822; x_wconf 79' lang='lat' dir='ltr'>reo</span> <span class='ocrx_word' id='word_1_5' title='bbox 936 773 1122 822; x_wconf 74' lang='lat' dir='ltr'>HIBERNIA.</span> <span class='ocrx_word' id='word_1_6' title='bbox 1288 775 1290 782; x_wconf 55' lang='lat'><strong><em>⁴</em></strong></span> <span class='ocrx_word' id='word_1_7' title='bbox 1441 760 1484 824; x_wconf 87' lang='grc'>63</span> 
     </span>
    </p>
   </div>
   <div class='ocr_carea' id='block_1_2' title="bbox 285 927 1488 4755">
    <p class='ocr_par' dir='ltr' id='par_1_2' title="bbox 289 927 1488 1490">
     <span class='ocr_line' id='line_1_2' title="bbox 289 927 1485 1017; baseline 0.002 -21"><span class='ocrx_word' id='word_1_8' title='bbox 289 929 330 996; x_wconf 89' lang='lat' dir='ltr'>de</span> <span class='ocrx_word' id='word_1_9' title='bbox 345 953 408 1016; x_wconf 91' lang='lat' dir='ltr'>quo</span> <span class='ocrx_word' id='word_1_10' title='bbox 423 927 522 1008; x_wconf 86' lang='lat' dir='ltr'>Beda,</span> <span class='ocrx_word' id='word_1_11' title='bbox 538 927 592 994; x_wconf 87' lang='lat' dir='ltr'>lib.</span> <span class='ocrx_word' id='word_1_12' title='bbox 608 927 639 1006; x_wconf 87' lang='lat'>3,</span> <span class='ocrx_word' id='word_1_13' title='bbox 653 950 721 1016; x_wconf 82' lang='lat' dir='ltr'>cap.</span> <span class='ocrx_word' id='word_1_14' title='bbox 737 930 769 1007; x_wconf 88' lang='lat'>4,</span> <span class='ocrx_word' id='word_1_15' title='bbox 784 941 818 994; x_wconf 87' lang='lat' dir='ltr'>ct</span> <span class='ocrx_word' id='word_1_16' title='bbox 831 927 886 994; x_wconf 91' lang='lat' dir='ltr'>lib.</span> <span class='ocrx_word' id='word_1_17' title='bbox 911 930 942 1008; x_wconf 85' lang='lat'>5,</span> <span class='ocrx_word' id='word_1_18' title='bbox 958 952 1025 1017; x_wconf 85' lang='lat' dir='ltr'>cap.</span> <span class='ocrx_word' id='word_1_19' title='bbox 1043 931 1093 996; x_wconf 89' lang='lat'>10.</span> <span class='ocrx_word' id='word_1_20' title='bbox 1138 929 1189 996; x_wconf 94' lang='lat' dir='ltr'>De</span> <span class='ocrx_word' id='word_1_21' title='bbox 1211 953 1274 1016; x_wconf 91' lang='lat' dir='ltr'>quo</span> <span class='ocrx_word' id='word_1_22' title='bbox 1296 929 1485 998; x_wconf 85' lang='lat' dir='ltr'>Adamneno</span> 
     </span>
     <span class='ocr_line' id='line_1_3' title="bbox 291 1014 1486 1115; baseline 0.002 -33"><span class='ocrx_word' id='word_1_23' title='bbox 291 1017 397 1103; x_wconf 84' lang='lat' dir='ltr'>(cu&#39;us</span> <span class='ocrx_word' id='word_1_24' title='bbox 420 1016 506 1082; x_wconf 89' lang='lat' dir='ltr'>diem</span> <span class='ocrx_word' id='word_1_25' title='bbox 531 1014 645 1080; x_wconf 84' lang='lat' dir='ltr'>festum</span> <span class='ocrx_word' id='word_1_26' title='bbox 670 1015 776 1115; x_wconf 90' lang='lat' dir='ltr'>posuit</span> <span class='ocrx_word' id='word_1_27' title='bbox 800 1015 913 1082; x_wconf 87' lang='lat' dir='ltr'>Petrus</span> <span class='ocrx_word' id='word_1_28' title='bbox 939 1015 1083 1082; x_wconf 84' lang='lat' dir='ltr'>Oeuisius</span> <span class='ocrx_word' id='word_1_29' title='bbox 1105 1016 1144 1082; x_wconf 84' lang='lat' dir='ltr'>ad</span> <span class='ocrx_word' id='word_1_30' title='bbox 1167 1021 1187 1082; x_wconf 79' lang='lat'><strong>3</strong></span> <span class='ocrx_word' id='word_1_31' title='bbox 1204 1018 1380 1106; x_wconf 83' lang='lat' dir='ltr'><strong>Septemb.)</strong></span> <span class='ocrx_word' id='word_1_32' title='bbox 1403 1018 1486 1084; x_wconf 83' lang='lat' dir='ltr'>inter</span> 
     </span>
     <span class='ocr_line' id='line_1_4' title="bbox 289 1101 1488 1192; baseline 0.002 -24"><span class='ocrx_word' id='word_1_33' title='bbox 289 1127 345 1169; x_wconf 89' lang='lat' dir='ltr'>mu</span> <span class='ocrx_word' id='word_1_34' title='bbox 359 1115 391 1170; x_wconf 83' lang='lat' dir='ltr'>ta</span> <span class='ocrx_word' id='word_1_35' title='bbox 404 1108 478 1169; x_wconf 78' lang='lat' dir='ltr'>verb</span> <span class='ocrx_word' id='word_1_36' title='bbox 492 1101 643 1180; x_wconf 82' lang='lat' dir='ltr'>miranda,</span> <span class='ocrx_word' id='word_1_37' title='bbox 665 1115 746 1168; x_wconf 87' lang='lat' dir='ltr'>srcut</span> <span class='ocrx_word' id='word_1_38' title='bbox 768 1101 812 1168; x_wconf 83' lang='lat' dir='ltr'>ait</span> <span class='ocrx_word' id='word_1_39' title='bbox 826 1102 924 1182; x_wconf 88' lang='lat' dir='ltr'>Beda,</span> <span class='ocrx_word' id='word_1_40' title='bbox 946 1103 1001 1168; x_wconf 92' lang='lat' dir='ltr'>lib.</span> <span class='ocrx_word' id='word_1_41' title='bbox 1017 1105 1049 1181; x_wconf 86' lang='lat'>4,</span> <span class='ocrx_word' id='word_1_42' title='bbox 1065 1103 1184 1170; x_wconf 89' lang='lat' dir='ltr'>Histor.</span> <span class='ocrx_word' id='word_1_43' title='bbox 1200 1129 1237 1170; x_wconf 86' lang='lat' dir='ltr'>ea</span> <span class='ocrx_word' id='word_1_44' title='bbox 1247 1128 1278 1192; x_wconf 92' lang='lat' dir='ltr'>p.</span> <span class='ocrx_word' id='word_1_45' title='bbox 1295 1105 1352 1169; x_wconf 83' lang='lat'>16:</span> <span class='ocrx_word' id='word_1_46' title='bbox 1375 1113 1394 1143; x_wconf 76' lang='lat'>‘⁴</span> <span class='ocrx_word' id='word_1_47' title='bbox 1408 1104 1488 1170; x_wconf 86' lang='lat' dir='ltr'>Erat</span> 
     </span>
     <span class='ocr_line' id='line_1_5' title="bbox 290 1187 1486 1278; baseline 0 -22"><span class='ocrx_word' id='word_1_48' title='bbox 290 1189 497 1256; x_wconf 85' lang='lat' dir='ltr'>Adamnuuus</span> <span class='ocrx_word' id='word_1_49' title='bbox 512 1188 622 1274; x_wconf 85' lang='lat' dir='ltr'>(etiam</span> <span class='ocrx_word' id='word_1_50' title='bbox 637 1188 677 1253; x_wconf 91' lang='lat' dir='ltr'>de</span> <span class='ocrx_word' id='word_1_51' title='bbox 692 1187 771 1256; x_wconf 80' lang='lat' dir='ltr'>facie</span> <span class='ocrx_word' id='word_1_52' title='bbox 786 1201 819 1255; x_wconf 90' lang='lat' dir='ltr'>et</span> <span class='ocrx_word' id='word_1_53' title='bbox 832 1189 989 1276; x_wconf 91' lang='lat' dir='ltr'>colloquio</span> <span class='ocrx_word' id='word_1_54' title='bbox 998 1189 1193 1256; x_wconf 73' lang='lat' dir='ltr'><strong>familiariter</strong></span> <span class='ocrx_word' id='word_1_55' title='bbox 1205 1204 1298 1256; x_wconf 87' lang='lat' dir='ltr'>notus</span> <span class='ocrx_word' id='word_1_56' title='bbox 1309 1191 1420 1278; x_wconf 81' lang='lat' dir='ltr'>Bedae)</span> <span class='ocrx_word' id='word_1_57' title='bbox 1437 1193 1486 1256; x_wconf 87' lang='lat' dir='ltr'>vir</span> 
     </span>
     <span class='ocr_line' id='line_1_6' title="bbox 289 1274 1486 1376; baseline 0 -32"><span class='ocrx_word' id='word_1_58' title='bbox 289 1277 400 1355; x_wconf 90' lang='lat' dir='ltr'>bonus,</span> <span class='ocrx_word' id='word_1_59' title='bbox 423 1275 558 1364; x_wconf 78' lang='lat' dir='ltr'>sepiem,</span> <span class='ocrx_word' id='word_1_60' title='bbox 582 1275 714 1342; x_wconf 67' lang='lat' dir='ltr'>scientie</span> <span class='ocrx_word' id='word_1_61' title='bbox 728 1274 948 1376; x_wconf 86' lang='lat' dir='ltr'>scripturarum</span> <span class='ocrx_word' id='word_1_62' title='bbox 962 1276 1141 1344; x_wconf 77' lang='lat' dir='ltr'>noblissime</span> <span class='ocrx_word' id='word_1_63' title='bbox 1155 1278 1333 1356; x_wconf 89' lang='lat' dir='ltr'>instructus,</span> <span class='ocrx_word' id='word_1_64' title='bbox 1356 1278 1486 1344; x_wconf 86' lang='lat' dir='ltr'>unitatis</span> 
     </span>
     <span class='ocr_line' id='line_1_7' title="bbox 289 1361 1485 1452; baseline 0 -22"><span class='ocrx_word' id='word_1_65' title='bbox 289 1377 323 1430; x_wconf 88' lang='lat' dir='ltr'>et</span> <span class='ocrx_word' id='word_1_66' title='bbox 338 1363 423 1452; x_wconf 80' lang='lat' dir='ltr'>pacis</span> <span class='ocrx_word' id='word_1_67' title='bbox 436 1361 687 1440; x_wconf 75' lang='lat' dir='ltr'>studiosissimus,</span> <span class='ocrx_word' id='word_1_68' title='bbox 713 1361 832 1430; x_wconf 77' lang='lat' dir='ltr'>Christi</span> <span class='ocrx_word' id='word_1_69' title='bbox 846 1362 990 1442; x_wconf 85' lang='lat' dir='ltr'>famulus,</span> <span class='ocrx_word' id='word_1_70' title='bbox 1016 1363 1057 1429; x_wconf 83' lang='lat' dir='ltr'>cd</span> <span class='ocrx_word' id='word_1_71' title='bbox 1071 1365 1169 1430; x_wconf 84' lang='lat' dir='ltr'>vitam</span> <span class='ocrx_word' id='word_1_72' title='bbox 1183 1375 1291 1452; x_wconf 90' lang='lat' dir='ltr'>raptus</span> <span class='ocrx_word' id='word_1_73' title='bbox 1312 1365 1485 1444; x_wconf 80' lang='lat' dir='ltr'>aetemem,”</span> 
     </span>
     <span class='ocr_line' id='line_1_8' title="bbox 473 1449 994 1490; baseline -0.002 0"><span class='ocrx_word' id='word_1_74' title='bbox 473 1476 481 1490; x_wconf 91' lang='lat'><strong>.</strong></span> <span class='ocrx_word' id='word_1_75' title='bbox 504 1459 523 1490; x_wconf 80' lang='lat' dir='ltr'>tt</span> <span class='ocrx_word' id='word_1_76' title='bbox 986 1449 994 1466; x_wconf 76' lang='grc'><strong>“</strong></span> 
     </span>
    </p>

    <p class='ocr_par' dir='ltr' id='par_1_3' title="bbox 285 1449 1487 3963">
     <span class='ocr_line' id='line_1_9' title="bbox 290 1449 1486 1637; baseline -0.001 -33"><span class='ocrx_word' id='word_1_77' title='bbox 290 1452 463 1604; x_wconf 57' lang='lat' dir='ltr'>{terr</span> <span class='ocrx_word' id='word_1_78' title='bbox 473 1449 1486 1637; x_wconf 57' lang='grc' dir='ltr'>ὶωέἐέἐὲέἐέἐέἐέἐέἐέωέἐέξέἐ·</span> 
     </span>
     <span class='ocr_line' id='line_1_10' title="bbox 291 1562 1486 1776; baseline 0 -86"><span class='ocrx_word' id='word_1_79' title='bbox 291 1623 633 1776; x_wconf 50' lang='grc' dir='ltr'>ρεΠιηωῐίθβωςιυε,</span> <span class='ocrx_word' id='word_1_80' title='bbox 647 1647 759 1689; x_wconf 77' lang='lat' dir='ltr'>mirum</span> <span class='ocrx_word' id='word_1_81' title='bbox 773 1647 808 1688; x_wconf 87' lang='lat' dir='ltr'>rn</span> <span class='ocrx_word' id='word_1_82' title='bbox 821 1625 959 1690; x_wconf 78' lang='lat' dir='ltr'>moribus</span> <span class='ocrx_word' id='word_1_83' title='bbox 973 1635 1006 1690; x_wconf 90' lang='lat' dir='ltr'>et</span> <span class='ocrx_word' id='word_1_84' title='bbox 1019 1626 1124 1691; x_wconf 79' lang='lat' dir='ltr'>verbis</span> <span class='ocrx_word' id='word_1_85' title='bbox 1137 1624 1348 1713; x_wconf 78' lang='lat' dir='ltr'>prudentiam,</span> <span class='ocrx_word' id='word_1_86' title='bbox 1358 1562 1486 1690; x_wconf 61' lang='lat' dir='ltr'>humih-</span> 
     </span>
     <span class='ocr_line' id='line_1_11' title="bbox 290 1709 1485 1800; baseline -0.002 -22"><span class='ocrx_word' id='word_1_87' title='bbox 290 1723 398 1790; x_wconf 88' lang='lat' dir='ltr'>tatem,</span> <span class='ocrx_word' id='word_1_88' title='bbox 413 1735 446 1778; x_wconf 93' lang='lat' dir='ltr'>re</span> <span class='ocrx_word' id='word_1_89' title='bbox 461 1710 598 1800; x_wconf 85' lang='lat' dir='ltr'>&#39;grouem</span> <span class='ocrx_word' id='word_1_90' title='bbox 613 1710 804 1788; x_wconf 55' lang='lat' dir='ltr'>ostendens?</span> <span class='ocrx_word' id='word_1_91' title='bbox 818 1722 877 1778; x_wconf 85' lang='lat' dir='ltr'>etc.</span> <span class='ocrx_word' id='word_1_92' title='bbox 887 1721 919 1778; x_wconf 91' lang='lat' dir='ltr'>et</span> <span class='ocrx_word' id='word_1_93' title='bbox 933 1709 967 1776; x_wconf 92' lang='lat' dir='ltr'>in</span> <span class='ocrx_word' id='word_1_94' title='bbox 978 1710 1059 1778; x_wconf 90' lang='lat' dir='ltr'>libro</span> <span class='ocrx_word' id='word_1_95' title='bbox 1070 1711 1111 1778; x_wconf 89' lang='lat' dir='ltr'>de</span> <span class='ocrx_word' id='word_1_96' title='bbox 1123 1711 1216 1778; x_wconf 88' lang='lat' dir='ltr'>Locis</span> <span class='ocrx_word' id='word_1_97' title='bbox 1229 1711 1362 1790; x_wconf 86' lang='lat' dir='ltr'>Sanctis,</span> <span class='ocrx_word' id='word_1_98' title='bbox 1374 1711 1408 1777; x_wconf 95' lang='lat' dir='ltr'>in</span> <span class='ocrx_word' id='word_1_99' title='bbox 1417 1735 1485 1800; x_wconf 89' lang='lat' dir='ltr'>per·</span> 
     </span>
     <span class='ocr_line' id='line_1_12' title="bbox 291 1796 1486 1898; baseline 0 -34"><span class='ocrx_word' id='word_1_100' title='bbox 291 1797 439 1864; x_wconf 87' lang='lat' dir='ltr'>oratione.</span> <span class='ocrx_word' id='word_1_101' title='bbox 485 1807 504 1838; x_wconf 90' lang='grc'>“</span> <span class='ocrx_word' id='word_1_102' title='bbox 518 1796 757 1864; x_wconf 84' lang='lat' dir='ltr'>Eruditissimus</span> <span class='ocrx_word' id='word_1_103' title='bbox 778 1797 812 1862; x_wconf 91' lang='lat' dir='ltr'>in</span> <span class='ocrx_word' id='word_1_104' title='bbox 838 1797 998 1898; x_wconf 91' lang='lat' dir='ltr'>scripturis</span> <span class='ocrx_word' id='word_1_105' title='bbox 1018 1798 1180 1886; x_wconf 72' lang='lat' dir='ltr'>praesbiter</span> <span class='ocrx_word' id='word_1_106' title='bbox 1199 1798 1418 1876; x_wconf 86' lang='lat' dir='ltr'>Adumnanus,</span> <span class='ocrx_word' id='word_1_107' title='bbox 1436 1798 1486 1864; x_wconf 88' lang='lat' dir='ltr'>vir</span> 
     </span>
     <span class='ocr_line' id='line_1_13' title="bbox 290 1883 1486 1985; baseline 0.002 -35"><span class='ocrx_word' id='word_1_108' title='bbox 290 1884 486 1962; x_wconf 81' lang='lat' dir='ltr'>venerabilis,</span> <span class='ocrx_word' id='word_1_109' title='bbox 501 1884 633 1972; x_wconf 82' lang='lat' dir='ltr'>scriptor</span> <span class='ocrx_word' id='word_1_110' title='bbox 646 1883 864 1985; x_wconf 71' lang='lat' dir='ltr'>pulcherrimus</span> <span class='ocrx_word' id='word_1_111' title='bbox 878 1883 1041 1964; x_wconf 53' lang='lat' dir='ltr'>luseris?</span> <span class='ocrx_word' id='word_1_112' title='bbox 1051 1885 1090 1950; x_wconf 93' lang='lat' dir='ltr'>de</span> <span class='ocrx_word' id='word_1_113' title='bbox 1105 1885 1182 1951; x_wconf 89' lang='lat' dir='ltr'>locis</span> <span class='ocrx_word' id='word_1_114' title='bbox 1195 1885 1345 1952; x_wconf 85' lang='lat' dir='ltr'>uimirhm</span> <span class='ocrx_word' id='word_1_115' title='bbox 1360 1885 1486 1964; x_wconf 84' lang='lat' dir='ltr'>sanctis,</span> 
     </span>
     <span class='ocr_line' id='line_1_14' title="bbox 290 1970 1487 2146; baseline -0.002 -20"><span class='ocrx_word' id='word_1_116' title='bbox 290 1970 1006 2138; x_wconf 64' lang='grc' dir='ltr'>ἐέἐὶξέἐέἐέἐξξέἐέω</span> <span class='ocrx_word' id='word_1_117' title='bbox 1040 1972 1190 2126; x_wconf 79' lang='grc' dir='ltr'>ἐέὶέ</span> <span class='ocrx_word' id='word_1_118' title='bbox 1205 1971 1487 2146; x_wconf 74' lang='grc' dir='ltr'>ἐέἐέἐ</span> 
     </span>
     <span class='ocr_line' id='line_1_15' title="bbox 290 2081 1486 2234; baseline 0 -22"><span class='ocrx_word' id='word_1_119' title='bbox 290 2108 468 2212; x_wconf 81' lang='lat' dir='ltr'>Bomandm</span> <span class='ocrx_word' id='word_1_120' title='bbox 486 2083 653 2233; x_wconf 46' lang='lat' dir='ltr'>ddamyrol.</span> <span class='ocrx_word' id='word_1_121' title='bbox 678 2145 718 2211; x_wconf 89' lang='lat' dir='ltr'>ad</span> <span class='ocrx_word' id='word_1_122' title='bbox 744 2148 787 2210; x_wconf 76' lang='lat' dir='ltr'>tt</span> <span class='ocrx_word' id='word_1_123' title='bbox 806 2083 904 2234; x_wconf 69' lang='lat' dir='ltr'>Api.)</span> <span class='ocrx_word' id='word_1_124' title='bbox 921 2145 960 2211; x_wconf 88' lang='lat' dir='ltr'>de</span> <span class='ocrx_word' id='word_1_125' title='bbox 986 2081 1309 2232; x_wconf 69' lang='lat' dir='ltr'>qdo,Beda’s01-idit,</span> <span class='ocrx_word' id='word_1_126' title='bbox 1333 2145 1425 2212; x_wconf 90' lang='lat' dir='ltr'>illum</span> <span class='ocrx_word' id='word_1_127' title='bbox 1450 2145 1486 2212; x_wconf 87' lang='lat' dir='ltr'>in</span> 
     </span>
     <span class='ocr_line' id='line_1_16' title="bbox 289 2231 1487 2334; baseline 0 -35"><span class='ocrx_word' id='word_1_128' title='bbox 289 2233 418 2334; x_wconf 67' lang='lat' dir='ltr'>lheruil</span> <span class='ocrx_word' id='word_1_129' title='bbox 431 2233 503 2334; x_wconf 78' lang='lat' dir='ltr'>ideo</span> <span class='ocrx_word' id='word_1_130' title='bbox 517 2255 639 2332; x_wconf 87' lang='lat' dir='ltr'>semper</span> <span class='ocrx_word' id='word_1_131' title='bbox 652 2231 812 2332; x_wconf 66' lang='lat' dir='ltr'>mansius,</span> <span class='ocrx_word' id='word_1_132' title='bbox 824 2232 910 2318; x_wconf 86' lang='lat' dir='ltr'>qubd</span> <span class='ocrx_word' id='word_1_133' title='bbox 922 2231 958 2298; x_wconf 87' lang='lat' dir='ltr'>in</span> <span class='ocrx_word' id='word_1_134' title='bbox 968 2237 1006 2298; x_wconf 76' lang='lat' dir='ltr'>et</span> <span class='ocrx_word' id='word_1_135' title='bbox 1016 2256 1173 2332; x_wconf 81' lang='lat' dir='ltr'>summum</span> <span class='ocrx_word' id='word_1_136' title='bbox 1187 2256 1260 2298; x_wconf 89' lang='lat' dir='ltr'>oum</span> <span class='ocrx_word' id='word_1_137' title='bbox 1273 2232 1487 2334; x_wconf 36' lang='lat' dir='ltr'>studio-pieta·</span> 
     </span>
     <span class='ocr_line' id='line_1_17' title="bbox 289 2319 1486 2506; baseline 0.012 -35"><span class='ocrx_word' id='word_1_138' title='bbox 289 2331 655 2506; x_wconf 67' lang='lat' dir='ltr'>ussurus.</span> <span class='ocrx_word' id='word_1_139' title='bbox 670 2331 704 2472; x_wconf 80' lang='grc' dir='ltr'>ξ</span> <span class='ocrx_word' id='word_1_140' title='bbox 720 2319 1255 2506; x_wconf 46' lang='lat' dir='ltr'>structurum</span> <span class='ocrx_word' id='word_1_141' title='bbox 1265 2319 1486 2485; x_wconf 78' lang='grc' dir='ltr'>ἐέξέἐ</span> 
     </span>
     <span class='ocr_line' id='line_1_18' title="bbox 290 2491 1485 2582; baseline 0 -22"><span class='ocrx_word' id='word_1_142' title='bbox 290 2493 435 2582; x_wconf 85' lang='lat' dir='ltr'>Luglius,</span> <span class='ocrx_word' id='word_1_143' title='bbox 457 2506 490 2560; x_wconf 89' lang='lat' dir='ltr'>et</span> <span class='ocrx_word' id='word_1_144' title='bbox 503 2493 599 2559; x_wconf 84' lang='lat' dir='ltr'>frater</span> <span class='ocrx_word' id='word_1_145' title='bbox 615 2515 683 2579; x_wconf 80' lang='lat' dir='ltr'>eJus</span> <span class='ocrx_word' id='word_1_146' title='bbox 699 2491 872 2581; x_wconf 87' lang='lat' dir='ltr'>Lughsnus</span> <span class='ocrx_word' id='word_1_147' title='bbox 894 2493 1143 2582; x_wconf 84' lang='lat' dir='ltr'>erchrepucopus</span> <span class='ocrx_word' id='word_1_148' title='bbox 1157 2506 1190 2560; x_wconf 91' lang='lat' dir='ltr'>et</span> <span class='ocrx_word' id='word_1_149' title='bbox 1203 2493 1319 2582; x_wconf 90' lang='lat' dir='ltr'>primas</span> <span class='ocrx_word' id='word_1_150' title='bbox 1333 2493 1485 2575; x_wconf 81' lang='lat' dir='ltr'>Iberuiae3</span> 
     </span>
     <span class='ocr_line' id='line_1_19' title="bbox 289 2579 1486 2730; baseline 0.002 -86"><span class='ocrx_word' id='word_1_151' title='bbox 289 2603 423 2666; x_wconf 91' lang='lat' dir='ltr'>quorum</span> <span class='ocrx_word' id='word_1_152' title='bbox 438 2591 570 2666; x_wconf 89' lang='lat' dir='ltr'>uterque</span> <span class='ocrx_word' id='word_1_153' title='bbox 583 2580 756 2658; x_wconf 88' lang='lat' dir='ltr'>unanimes,</span> <span class='ocrx_word' id='word_1_154' title='bbox 783 2579 935 2646; x_wconf 79' lang='lat' dir='ltr'>abdicatis</span> <span class='ocrx_word' id='word_1_155' title='bbox 948 2603 1046 2669; x_wconf 86' lang='lat' dir='ltr'>regno</span> <span class='ocrx_word' id='word_1_156' title='bbox 1061 2592 1094 2646; x_wconf 93' lang='lat' dir='ltr'>et</span> <span class='ocrx_word' id='word_1_157' title='bbox 1113 2579 1260 2680; x_wconf 82' lang='lat' dir='ltr'>primatu,</span> <span class='ocrx_word' id='word_1_158' title='bbox 1281 2604 1343 2730; x_wconf 61' lang='lat' dir='ltr'>gro</span> <span class='ocrx_word' id='word_1_159' title='bbox 1359 2579 1486 2646; x_wconf 83' lang='lat' dir='ltr'>Christo</span> 
     </span>
     <span class='ocr_line' id='line_1_20' title="bbox 289 2666 1485 2756; baseline -0.003 -22"><span class='ocrx_word' id='word_1_160' title='bbox 289 2669 453 2756; x_wconf 86' lang='lat' dir='ltr'>elegerunt</span> <span class='ocrx_word' id='word_1_161' title='bbox 473 2666 604 2734; x_wconf 75' lang='lat' dir='ltr'><strong>exulare</strong></span> <span class='ocrx_word' id='word_1_162' title='bbox 618 2691 638 2732; x_wconf 85' lang='lat' dir='ltr'>a</span> <span class='ocrx_word' id='word_1_163' title='bbox 659 2666 760 2754; x_wconf 65' lang='lat' dir='ltr'>patrii</span> <span class='ocrx_word' id='word_1_164' title='bbox 774 2680 807 2732; x_wconf 90' lang='lat' dir='ltr'>et</span> <span class='ocrx_word' id='word_1_165' title='bbox 830 2668 917 2752; x_wconf 91' lang='lat' dir='ltr'>quasi</span> <span class='ocrx_word' id='word_1_166' title='bbox 940 2666 1078 2734; x_wconf 70' lang='lat' dir='ltr'>eremita</span> <span class='ocrx_word' id='word_1_167' title='bbox 1092 2691 1199 2732; x_wconf 83' lang='lat' dir='ltr'>vivere</span> <span class='ocrx_word' id='word_1_168' title='bbox 1224 2667 1259 2732; x_wconf 90' lang='lat' dir='ltr'>in</span> <span class='ocrx_word' id='word_1_169' title='bbox 1311 2667 1404 2755; x_wconf 89' lang='lat' dir='ltr'>elgio,</span> <span class='ocrx_word' id='word_1_170' title='bbox 1428 2666 1485 2734; x_wconf 90' lang='lat' dir='ltr'>ubi</span> 
     </span>
     <span class='ocr_line' id='line_1_21' title="bbox 288 2753 1485 2839; baseline -0.003 -17"><span class='ocrx_word' id='word_1_171' title='bbox 288 2755 372 2822; x_wconf 85' lang='lat' dir='ltr'>circa</span> <span class='ocrx_word' id='word_1_172' title='bbox 385 2777 501 2820; x_wconf 83' lang='lat' dir='ltr'>annum</span> <span class='ocrx_word' id='word_1_173' title='bbox 517 2753 624 2820; x_wconf 83' lang='lat' dir='ltr'>salutis</span> <span class='ocrx_word' id='word_1_174' title='bbox 641 2755 714 2832; x_wconf 77' lang='lat'>725,</span> <span class='ocrx_word' id='word_1_175' title='bbox 729 2753 770 2818; x_wconf 84' lang='lat' dir='ltr'>ad</span> <span class='ocrx_word' id='word_1_176' title='bbox 785 2754 827 2820; x_wconf 78' lang='lat'>23</span> <span class='ocrx_word' id='word_1_177' title='bbox 843 2753 967 2830; x_wconf 90' lang='lat' dir='ltr'>Octob.,</span> <span class='ocrx_word' id='word_1_178' title='bbox 979 2766 1110 2839; x_wconf 88' lang='lat' dir='ltr'>uterque</span> <span class='ocrx_word' id='word_1_179' title='bbox 1148 2753 1240 2820; x_wconf 85' lang='lat' dir='ltr'>ariter</span> <span class='ocrx_word' id='word_1_180' title='bbox 1253 2753 1390 2818; x_wconf 84' lang='lat' dir='ltr'>lauream</span> <span class='ocrx_word' id='word_1_181' title='bbox 1406 2777 1485 2818; x_wconf 86' lang='lat' dir='ltr'>mar·</span> 
     </span>
     <span class='ocr_line' id='line_1_22' title="bbox 289 2838 1484 2930; baseline -0.002 -22"><span class='ocrx_word' id='word_1_182' title='bbox 289 2856 395 2930; x_wconf 85' lang='lat' dir='ltr'>tyrum</span> <span class='ocrx_word' id='word_1_183' title='bbox 419 2841 525 2928; x_wconf 86' lang='lat' dir='ltr'>adepti</span> <span class='ocrx_word' id='word_1_184' title='bbox 550 2853 633 2919; x_wconf 87' lang='lat' dir='ltr'>suut,</span> <span class='ocrx_word' id='word_1_185' title='bbox 656 2839 741 2906; x_wconf 89' lang='lat' dir='ltr'>utin</span> <span class='ocrx_word' id='word_1_186' title='bbox 756 2863 864 2906; x_wconf 89' lang='lat' dir='ltr'>eorum</span> <span class='ocrx_word' id='word_1_187' title='bbox 878 2840 945 2906; x_wconf 72' lang='lat' dir='ltr'>vitu</span> <span class='ocrx_word' id='word_1_188' title='bbox 959 2839 1084 2928; x_wconf 89' lang='lat' dir='ltr'>legitur.</span> <span class='ocrx_word' id='word_1_189' title='bbox 1157 2864 1241 2906; x_wconf 82' lang='lat' dir='ltr'>ussus</span> <span class='ocrx_word' id='word_1_190' title='bbox 1256 2851 1303 2905; x_wconf 89' lang='lat' dir='ltr'>est</span> <span class='ocrx_word' id='word_1_191' title='bbox 1318 2839 1412 2905; x_wconf 88' lang='lat' dir='ltr'>etiam</span> <span class='ocrx_word' id='word_1_192' title='bbox 1428 2838 1484 2906; x_wconf 94' lang='lat' dir='ltr'>illo</span> 
     </span>
     <span class='ocr_line' id='line_1_23' title="bbox 285 2923 1484 3016; baseline -0.002 -22"><span class='ocrx_word' id='word_1_193' title='bbox 285 2923 357 2994; x_wconf 68' lang='lat' dir='ltr'>&#39;arvo</span> <span class='ocrx_word' id='word_1_194' title='bbox 370 2926 566 3016; x_wconf 85' lang='lat' dir='ltr'>martyrium,</span> <span class='ocrx_word' id='word_1_195' title='bbox 589 2926 623 2992; x_wconf 91' lang='lat' dir='ltr'>in</span> <span class='ocrx_word' id='word_1_196' title='bbox 637 2926 761 3016; x_wconf 87' lang='lat' dir='ltr'>Belgio,</span> <span class='ocrx_word' id='word_1_197' title='bbox 780 2927 811 2993; x_wconf 88' lang='lat' dir='ltr'>S.</span> <span class='ocrx_word' id='word_1_198' title='bbox 824 2925 1009 3006; x_wconf 90' lang='lat' dir='ltr'>Rumoldus,</span> <span class='ocrx_word' id='word_1_199' title='bbox 1023 2927 1205 3014; x_wconf 81' lang='lat' dir='ltr'>unigenitus</span> <span class='ocrx_word' id='word_1_200' title='bbox 1226 2925 1308 3015; x_wconf 90' lang='lat' dir='ltr'>regis</span> <span class='ocrx_word' id='word_1_201' title='bbox 1324 2925 1484 3014; x_wconf 86' lang='lat' dir='ltr'>Lagcniae,</span> 
     </span>
     <span class='ocr_line' id='line_1_24' title="bbox 288 3009 1486 3114; baseline -0.002 -34"><span class='ocrx_word' id='word_1_202' title='bbox 288 3015 324 3080; x_wconf 90' lang='lat' dir='ltr'>in</span> <span class='ocrx_word' id='word_1_203' title='bbox 346 3014 483 3093; x_wconf 75' lang='lat' dir='ltr'>Ibernid,</span> <span class='ocrx_word' id='word_1_204' title='bbox 509 3028 542 3080; x_wconf 91' lang='lat' dir='ltr'>et</span> <span class='ocrx_word' id='word_1_205' title='bbox 566 3014 728 3103; x_wconf 87' lang='lat' dir='ltr'>episcopus</span> <span class='ocrx_word' id='word_1_206' title='bbox 752 3013 966 3093; x_wconf 88' lang='lat' dir='ltr'>Dublinensis,</span> <span class='ocrx_word' id='word_1_207' title='bbox 991 3014 1047 3100; x_wconf 90' lang='lat' dir='ltr'>qui</span> <span class='ocrx_word' id='word_1_208' title='bbox 1069 3013 1226 3102; x_wconf 87' lang='lat' dir='ltr'>resignato</span> <span class='ocrx_word' id='word_1_209' title='bbox 1236 3009 1429 3114; x_wconf 81' lang='lat' dir='ltr'>&#39;episcopatu</span> <span class='ocrx_word' id='word_1_210' title='bbox 1450 3012 1486 3078; x_wconf 90' lang='lat' dir='ltr'>in</span> 
     </span>
     <span class='ocr_line' id='line_1_25' title="bbox 289 3100 1485 3190; baseline -0.002 -22"><span class='ocrx_word' id='word_1_211' title='bbox 289 3127 400 3168; x_wconf 84' lang='lat' dir='ltr'>manus</span> <span class='ocrx_word' id='word_1_212' title='bbox 414 3102 527 3168; x_wconf 88' lang='lat' dir='ltr'>summi</span> <span class='ocrx_word' id='word_1_213' title='bbox 542 3101 699 3190; x_wconf 89' lang='lat' dir='ltr'>pontificis</span> <span class='ocrx_word' id='word_1_214' title='bbox 714 3101 859 3179; x_wconf 87' lang='lat' dir='ltr'>Romani,</span> <span class='ocrx_word' id='word_1_215' title='bbox 884 3101 1013 3166; x_wconf 70' lang='lat' dir='ltr'>obtentu</span> <span class='ocrx_word' id='word_1_216' title='bbox 1026 3100 1159 3166; x_wconf 73' lang='lat' dir='ltr'>licentii.</span> <span class='ocrx_word' id='word_1_217' title='bbox 1176 3100 1368 3190; x_wconf 80' lang='lat' dir='ltr'>praedicandi</span> <span class='ocrx_word' id='word_1_218' title='bbox 1392 3123 1485 3166; x_wconf 82' lang='lat' dir='ltr'>erun·</span> 
     </span>
     <span class='ocr_line' id='line_1_26' title="bbox 289 3187 1485 3277; baseline -0.002 -22"><span class='ocrx_word' id='word_1_219' title='bbox 289 3190 408 3277; x_wconf 88' lang='lat' dir='ltr'>golium</span> <span class='ocrx_word' id='word_1_220' title='bbox 423 3189 612 3267; x_wconf 87' lang='lat' dir='ltr'>infidelibus,</span> <span class='ocrx_word' id='word_1_221' title='bbox 637 3189 818 3254; x_wconf 87' lang='lat' dir='ltr'>innumeros</span> <span class='ocrx_word' id='word_1_222' title='bbox 832 3211 875 3254; x_wconf 85' lang='lat' dir='ltr'>err</span> <span class='ocrx_word' id='word_1_223' title='bbox 896 3187 959 3252; x_wconf 89' lang='lat' dir='ltr'>illis</span> <span class='ocrx_word' id='word_1_224' title='bbox 972 3187 1047 3254; x_wconf 86' lang='lat' dir='ltr'>fecit</span> <span class='ocrx_word' id='word_1_225' title='bbox 1071 3187 1106 3253; x_wconf 91' lang='lat' dir='ltr'>in</span> <span class='ocrx_word' id='word_1_226' title='bbox 1120 3187 1233 3276; x_wconf 85' lang='lat' dir='ltr'>Belgio</span> <span class='ocrx_word' id='word_1_227' title='bbox 1256 3187 1373 3255; x_wconf 86' lang='lat' dir='ltr'>fideles.</span> <span class='ocrx_word' id='word_1_228' title='bbox 1420 3187 1485 3254; x_wconf 90' lang='lat' dir='ltr'>Sed</span> 
     </span>
     <span class='ocr_line' id='line_1_27' title="bbox 289 3274 1484 3376; baseline 0 -34"><span class='ocrx_word' id='word_1_229' title='bbox 289 3277 416 3342; x_wconf 78' lang='lat' dir='ltr'>taudem</span> <span class='ocrx_word' id='word_1_230' title='bbox 442 3275 526 3376; x_wconf 86' lang='lat' dir='ltr'>apud</span> <span class='ocrx_word' id='word_1_231' title='bbox 542 3274 760 3354; x_wconf 84' lang='lat' dir='ltr'>Mochliniam,</span> <span class='ocrx_word' id='word_1_232' title='bbox 784 3276 894 3341; x_wconf 91' lang='lat' dir='ltr'>urbem</span> <span class='ocrx_word' id='word_1_233' title='bbox 910 3274 1098 3352; x_wconf 81' lang='lat' dir='ltr'>Brabautiae,</span> <span class='ocrx_word' id='word_1_234' title='bbox 1114 3275 1263 3362; x_wconf 86' lang='lat' dir='ltr'>martyrio</span> <span class='ocrx_word' id='word_1_235' title='bbox 1278 3274 1339 3340; x_wconf 85' lang='lat' dir='ltr'>fuit</span> <span class='ocrx_word' id='word_1_236' title='bbox 1353 3274 1484 3342; x_wconf 87' lang='lat' dir='ltr'>affectus</span> 
     </span>
     <span class='ocr_line' id='line_1_28' title="bbox 288 3361 1484 3440; baseline -0.003 -10"><span class='ocrx_word' id='word_1_237' title='bbox 288 3387 370 3430; x_wconf 84' lang='lat' dir='ltr'>anno</span> <span class='ocrx_word' id='word_1_238' title='bbox 384 3363 492 3430; x_wconf 78' lang='lat' dir='ltr'>salutis</span> <span class='ocrx_word' id='word_1_239' title='bbox 508 3365 581 3438; x_wconf 83' lang='lat'>775,</span> <span class='ocrx_word' id='word_1_240' title='bbox 597 3365 640 3428; x_wconf 78' lang='lat' dir='ltr'>tt</span> <span class='ocrx_word' id='word_1_241' title='bbox 653 3362 676 3430; x_wconf 83' lang='lat' dir='ltr'>J</span> <span class='ocrx_word' id='word_1_242' title='bbox 676 3361 755 3440; x_wconf 89' lang='lat' dir='ltr'>unii,</span> <span class='ocrx_word' id='word_1_243' title='bbox 770 3361 825 3428; x_wconf 90' lang='lat' dir='ltr'>sed</span> <span class='ocrx_word' id='word_1_244' title='bbox 840 3361 984 3428; x_wconf 85' lang='lat' dir='ltr'>Romana</span> <span class='ocrx_word' id='word_1_245' title='bbox 998 3361 1129 3428; x_wconf 85' lang='lat' dir='ltr'>ecelesia</span> <span class='ocrx_word' id='word_1_246' title='bbox 1143 3361 1277 3428; x_wconf 86' lang='lat' dir='ltr'>instituit</span> <span class='ocrx_word' id='word_1_247' title='bbox 1298 3373 1334 3428; x_wconf 93' lang='lat' dir='ltr'>ut</span> <span class='ocrx_word' id='word_1_248' title='bbox 1348 3362 1484 3428; x_wconf 83' lang='lat' dir='ltr'>celebru-</span> 
     </span>
     <span class='ocr_line' id='line_1_29' title="bbox 288 3447 1484 3537; baseline -0.002 -21"><span class='ocrx_word' id='word_1_249' title='bbox 288 3464 375 3516; x_wconf 88' lang='lat' dir='ltr'>retur</span> <span class='ocrx_word' id='word_1_250' title='bbox 389 3451 501 3516; x_wconf 78' lang='lat' dir='ltr'>festum</span> <span class='ocrx_word' id='word_1_251' title='bbox 518 3449 551 3516; x_wconf 85' lang='lat' dir='ltr'>S.</span> <span class='ocrx_word' id='word_1_252' title='bbox 566 3449 718 3516; x_wconf 88' lang='lat' dir='ltr'>Rumoldi</span> <span class='ocrx_word' id='word_1_253' title='bbox 744 3449 784 3516; x_wconf 84' lang='lat' dir='ltr'>ad</span> <span class='ocrx_word' id='word_1_254' title='bbox 807 3447 892 3515; x_wconf 91' lang='lat' dir='ltr'>diem</span> <span class='ocrx_word' id='word_1_255' title='bbox 921 3448 1045 3516; x_wconf 79' lang='lat' dir='ltr'>lJulii.</span> <span class='ocrx_word' id='word_1_256' title='bbox 1091 3448 1215 3515; x_wconf 83' lang='lat' dir='ltr'>Eodem</span> <span class='ocrx_word' id='word_1_257' title='bbox 1239 3449 1306 3537; x_wconf 89' lang='lat' dir='ltr'>ipso</span> <span class='ocrx_word' id='word_1_258' title='bbox 1322 3449 1428 3516; x_wconf 90' lang='lat' dir='ltr'>seculo</span> <span class='ocrx_word' id='word_1_259' title='bbox 1449 3448 1484 3514; x_wconf 91' lang='lat' dir='ltr'>in</span> 
     </span>
     <span class='ocr_line' id='line_1_30' title="bbox 288 3535 1484 3626; baseline -0.001 -24"><span class='ocrx_word' id='word_1_260' title='bbox 288 3537 402 3626; x_wconf 90' lang='lat' dir='ltr'>Belgio</span> <span class='ocrx_word' id='word_1_261' title='bbox 418 3549 600 3603; x_wconf 85' lang='lat' dir='ltr'>mortuaest</span> <span class='ocrx_word' id='word_1_262' title='bbox 614 3537 654 3602; x_wconf 89' lang='lat' dir='ltr'>B.</span> <span class='ocrx_word' id='word_1_263' title='bbox 669 3535 751 3615; x_wconf 81' lang='lat' dir='ltr'>Ode,</span> <span class='ocrx_word' id='word_1_264' title='bbox 766 3535 866 3624; x_wconf 88' lang='lat' dir='ltr'>virgo,</span> <span class='ocrx_word' id='word_1_265' title='bbox 892 3535 958 3602; x_wconf 85' lang='lat' dir='ltr'>lilia</span> <span class='ocrx_word' id='word_1_266' title='bbox 972 3535 1053 3624; x_wconf 87' lang='lat' dir='ltr'>regis</span> <span class='ocrx_word' id='word_1_267' title='bbox 1068 3535 1212 3612; x_wconf 87' lang='lat' dir='ltr'>Iberniae,</span> <span class='ocrx_word' id='word_1_268' title='bbox 1227 3560 1298 3620; x_wconf 86' lang='lat' dir='ltr'>quse</span> <span class='ocrx_word' id='word_1_269' title='bbox 1313 3536 1386 3602; x_wconf 81' lang='lat' dir='ltr'>elim</span> <span class='ocrx_word' id='word_1_270' title='bbox 1401 3559 1484 3601; x_wconf 84' lang='lat' dir='ltr'>caeea</span> 
     </span>
     <span class='ocr_line' id='line_1_31' title="bbox 288 3620 1483 3724; baseline -0.002 -34"><span class='ocrx_word' id='word_1_271' title='bbox 288 3639 362 3692; x_wconf 85' lang='lat' dir='ltr'>nats</span> <span class='ocrx_word' id='word_1_272' title='bbox 376 3625 493 3704; x_wconf 88' lang='lat' dir='ltr'>fuisset,</span> <span class='ocrx_word' id='word_1_273' title='bbox 508 3623 671 3711; x_wconf 82' lang='lat' dir='ltr'>navigavit</span> <span class='ocrx_word' id='word_1_274' title='bbox 685 3647 703 3688; x_wconf 93' lang='lat' dir='ltr'>c</span> <span class='ocrx_word' id='word_1_275' title='bbox 717 3623 818 3724; x_wconf 69' lang='lat' dir='ltr'>patrib</span> <span class='ocrx_word' id='word_1_276' title='bbox 833 3623 873 3688; x_wconf 89' lang='lat' dir='ltr'>ad</span> <span class='ocrx_word' id='word_1_277' title='bbox 887 3623 1088 3712; x_wconf 82' lang='lat' dir='ltr'>sepulchrum</span> <span class='ocrx_word' id='word_1_278' title='bbox 1105 3622 1137 3688; x_wconf 90' lang='lat' dir='ltr'>S.</span> <span class='ocrx_word' id='word_1_279' title='bbox 1150 3620 1322 3697; x_wconf 88' lang='lat' dir='ltr'>Lamberti,</span> <span class='ocrx_word' id='word_1_280' title='bbox 1345 3621 1483 3710; x_wconf 88' lang='lat' dir='ltr'>episcopi</span> 
     </span>
     <span class='ocr_line' id='line_1_32' title="bbox 288 3708 1483 3798; baseline -0.003 -20"><span class='ocrx_word' id='word_1_281' title='bbox 288 3710 472 3778; x_wconf 88' lang='lat' dir='ltr'>Leodiensis</span> <span class='ocrx_word' id='word_1_282' title='bbox 494 3710 649 3797; x_wconf 87' lang='lat' dir='ltr'>martyris,</span> <span class='ocrx_word' id='word_1_283' title='bbox 671 3711 867 3798; x_wconf 85' lang='lat' dir='ltr'>ubrrecepto</span> <span class='ocrx_word' id='word_1_284' title='bbox 882 3708 962 3787; x_wconf 87' lang='lat' dir='ltr'>visu,</span> <span class='ocrx_word' id='word_1_285' title='bbox 984 3710 1019 3774; x_wconf 93' lang='lat' dir='ltr'>in</span> <span class='ocrx_word' id='word_1_286' title='bbox 1033 3709 1202 3796; x_wconf 84' lang='lat' dir='ltr'>gratiarum</span> <span class='ocrx_word' id='word_1_287' title='bbox 1223 3708 1389 3788; x_wconf 83' lang='lat' dir='ltr'>actionem,</span> <span class='ocrx_word' id='word_1_288' title='bbox 1412 3708 1483 3776; x_wconf 88' lang='lat' dir='ltr'>Deo</span> 
     </span>
     <span class='ocr_line' id='line_1_33' title="bbox 288 3795 1482 3886; baseline 0.002 -24"><span class='ocrx_word' id='word_1_289' title='bbox 288 3798 377 3864; x_wconf 88' lang='lat' dir='ltr'>vovit</span> <span class='ocrx_word' id='word_1_290' title='bbox 390 3797 615 3886; x_wconf 83' lang='lat' dir='ltr'>virginitatem,</span> <span class='ocrx_word' id='word_1_291' title='bbox 638 3810 670 3863; x_wconf 86' lang='lat' dir='ltr'>et</span> <span class='ocrx_word' id='word_1_292' title='bbox 684 3797 895 3864; x_wconf 84' lang='lat' dir='ltr'>voluntarium</span> <span class='ocrx_word' id='word_1_293' title='bbox 916 3807 1008 3863; x_wconf 85' lang='lat' dir='ltr'>extra</span> <span class='ocrx_word' id='word_1_294' title='bbox 1032 3796 1165 3883; x_wconf 86' lang='lat' dir='ltr'>patriam</span> <span class='ocrx_word' id='word_1_295' title='bbox 1190 3795 1335 3875; x_wconf 83' lang='lat' dir='ltr'>exilium,</span> <span class='ocrx_word' id='word_1_296' title='bbox 1361 3795 1395 3861; x_wconf 91' lang='lat' dir='ltr'>in</span> <span class='ocrx_word' id='word_1_297' title='bbox 1419 3819 1482 3882; x_wconf 91' lang='lat' dir='ltr'>quo</span> 
     </span>
     <span class='ocr_line' id='line_1_34' title="bbox 288 3883 759 3963; baseline -0.004 -13"><span class='ocrx_word' id='word_1_298' title='bbox 288 3898 412 3950; x_wconf 87' lang='lat' dir='ltr'>mortus</span> <span class='ocrx_word' id='word_1_299' title='bbox 425 3897 480 3963; x_wconf 87' lang='lat' dir='ltr'>est,</span> <span class='ocrx_word' id='word_1_300' title='bbox 496 3883 654 3950; x_wconf 75' lang='lat' dir='ltr'>miraculis</span> <span class='ocrx_word' id='word_1_301' title='bbox 667 3883 759 3950; x_wconf 85' lang='lat' dir='ltr'>clara.</span> 
     </span>
    </p>

    <p class='ocr_par' dir='ltr' id='par_1_4' title="bbox 287 3969 1483 4298">
     <span class='ocr_line' id='line_1_35' title="bbox 331 3969 1482 4059; baseline -0.002 -21"><span class='ocrx_word' id='word_1_302' title='bbox 331 3972 454 4038; x_wconf 86' lang='lat' dir='ltr'>Bodem</span> <span class='ocrx_word' id='word_1_303' title='bbox 485 3971 590 4037; x_wconf 90' lang='lat' dir='ltr'>seculo</span> <span class='ocrx_word' id='word_1_304' title='bbox 615 3971 650 4036; x_wconf 91' lang='lat' dir='ltr'>in</span> <span class='ocrx_word' id='word_1_305' title='bbox 672 3970 843 4037; x_wconf 68' lang='lat' dir='ltr'>Germanii</span> <span class='ocrx_word' id='word_1_306' title='bbox 871 3969 1020 4059; x_wconf 88' lang='lat' dir='ltr'>migravit</span> <span class='ocrx_word' id='word_1_307' title='bbox 1048 3971 1088 4038; x_wconf 87' lang='lat' dir='ltr'>ud</span> <span class='ocrx_word' id='word_1_308' title='bbox 1116 3969 1231 4036; x_wconf 86' lang='lat' dir='ltr'>coelum</span> <span class='ocrx_word' id='word_1_309' title='bbox 1256 3969 1289 4036; x_wconf 89' lang='lat' dir='ltr'>S.</span> <span class='ocrx_word' id='word_1_310' title='bbox 1311 3969 1482 4049; x_wconf 86' lang='lat' dir='ltr'>Albuinus,</span> 
     </span>
     <span class='ocr_line' id='line_1_36' title="bbox 287 4056 1483 4146; baseline -0.003 -21"><span class='ocrx_word' id='word_1_311' title='bbox 287 4060 429 4136; x_wconf 86' lang='lat' dir='ltr'>Iberuus,</span> <span class='ocrx_word' id='word_1_312' title='bbox 445 4057 522 4124; x_wconf 87' lang='lat' dir='ltr'>disci</span> <span class='ocrx_word' id='word_1_313' title='bbox 546 4059 616 4124; x_wconf 90' lang='lat' dir='ltr'>ulus</span> <span class='ocrx_word' id='word_1_314' title='bbox 631 4058 669 4123; x_wconf 91' lang='lat' dir='ltr'>B.</span> <span class='ocrx_word' id='word_1_315' title='bbox 685 4057 843 4124; x_wconf 85' lang='lat' dir='ltr'>Bonifacii</span> <span class='ocrx_word' id='word_1_316' title='bbox 858 4057 1051 4146; x_wconf 76' lang='lat' dir='ltr'>Mogsmtiui,</span> <span class='ocrx_word' id='word_1_317' title='bbox 1068 4057 1173 4124; x_wconf 86' lang='lat' dir='ltr'>archie</span> <span class='ocrx_word' id='word_1_318' title='bbox 1195 4056 1304 4144; x_wconf 88' lang='lat' dir='ltr'>iscopi,</span> <span class='ocrx_word' id='word_1_319' title='bbox 1319 4056 1483 4145; x_wconf 81' lang='lat' dir='ltr'>episcopus</span> 
     </span>
     <span class='ocr_line' id='line_1_37' title="bbox 287 4081 1483 4298; baseline -0.002 -86"><span class='ocrx_word' id='word_1_320' title='bbox 287 4146 406 4298; x_wconf 60' lang='lat' dir='ltr'>hm</span> <span class='ocrx_word' id='word_1_321' title='bbox 428 4082 674 4244; x_wconf 66' lang='lat' dir='ltr'>Fritisiuriousis,</span> <span class='ocrx_word' id='word_1_322' title='bbox 696 4145 731 4210; x_wconf 86' lang='lat' dir='ltr'>iu</span> <span class='ocrx_word' id='word_1_323' title='bbox 747 4144 926 4244; x_wconf 46' lang='lat' dir='ltr'>&#39;lfhuringid</span> <span class='ocrx_word' id='word_1_324' title='bbox 941 4145 1129 4224; x_wconf 84' lang='lat' dir='ltr'>Germaniae‚</span> <span class='ocrx_word' id='word_1_325' title='bbox 1152 4081 1208 4212; x_wconf 73' lang='lat' dir='ltr'>uhi</span> <span class='ocrx_word' id='word_1_326' title='bbox 1234 4142 1428 4212; x_wconf 87' lang='lat' dir='ltr'>obdormivit</span> <span class='ocrx_word' id='word_1_327' title='bbox 1448 4143 1483 4210; x_wconf 90' lang='lat' dir='ltr'>iu</span> 
     </span>
    </p>

    <p class='ocr_par' dir='ltr' id='par_1_5' title="bbox 322 4231 1107 4312">
     <span class='ocr_line' id='line_1_38' title="bbox 322 4231 1107 4312; baseline -0.005 -12"><span class='ocrx_word' id='word_1_328' title='bbox 322 4233 439 4312; x_wconf 88' lang='lat' dir='ltr'>omino,</span> <span class='ocrx_word' id='word_1_329' title='bbox 453 4255 536 4298; x_wconf 80' lang='lat' dir='ltr'>circa</span> <span class='ocrx_word' id='word_1_330' title='bbox 551 4255 668 4298; x_wconf 85' lang='lat' dir='ltr'>annum</span> <span class='ocrx_word' id='word_1_331' title='bbox 681 4232 789 4300; x_wconf 80' lang='lat' dir='ltr'>salutis</span> <span class='ocrx_word' id='word_1_332' title='bbox 805 4234 878 4311; x_wconf 92' lang='lat'>770,</span> <span class='ocrx_word' id='word_1_333' title='bbox 895 4233 935 4297; x_wconf 82' lang='lat'>14</span> <span class='ocrx_word' id='word_1_334' title='bbox 950 4231 1107 4298; x_wconf 85' lang='lat' dir='ltr'>Novemb.</span> 
     </span>
    </p>

    <p class='ocr_par' dir='ltr' id='par_1_6' title="bbox 286 4317 1483 4755">
     <span class='ocr_line' id='line_1_39' title="bbox 331 4317 1483 4407; baseline -0.003 -20"><span class='ocrx_word' id='word_1_335' title='bbox 331 4320 455 4388; x_wconf 83' lang='lat' dir='ltr'>Eodem</span> <span class='ocrx_word' id='word_1_336' title='bbox 466 4319 572 4386; x_wconf 88' lang='lat' dir='ltr'>seculo</span> <span class='ocrx_word' id='word_1_337' title='bbox 582 4319 616 4386; x_wconf 91' lang='lat' dir='ltr'>in</span> <span class='ocrx_word' id='word_1_338' title='bbox 625 4317 796 4388; x_wconf 77' lang='lat' dir='ltr'>Germania</span> <span class='ocrx_word' id='word_1_339' title='bbox 809 4318 966 4384; x_wconf 79' lang='lat' dir='ltr'>miraculis</span> <span class='ocrx_word' id='word_1_340' title='bbox 980 4319 1081 4387; x_wconf 85' lang='lat' dir='ltr'>clarus</span> <span class='ocrx_word' id='word_1_341' title='bbox 1096 4317 1244 4407; x_wconf 85' lang='lat' dir='ltr'>migravit</span> <span class='ocrx_word' id='word_1_342' title='bbox 1258 4318 1298 4386; x_wconf 82' lang='lat' dir='ltr'>ed</span> <span class='ocrx_word' id='word_1_343' title='bbox 1310 4317 1483 4396; x_wconf 84' lang='lat' dir='ltr'>Christum,</span> 
     </span>
     <span class='ocr_line' id='line_1_40' title="bbox 286 4405 1483 4494; baseline 0 -22"><span class='ocrx_word' id='word_1_344' title='bbox 286 4407 350 4472; x_wconf 86' lang='lat' dir='ltr'>kal.</span> <span class='ocrx_word' id='word_1_345' title='bbox 366 4407 518 4474; x_wconf 90' lang='lat' dir='ltr'>Deccmb.</span> <span class='ocrx_word' id='word_1_346' title='bbox 534 4429 615 4474; x_wconf 87' lang='lat' dir='ltr'>anno</span> <span class='ocrx_word' id='word_1_347' title='bbox 640 4408 712 4485; x_wconf 83' lang='grc'><strong>754,</strong></span> <span class='ocrx_word' id='word_1_348' title='bbox 736 4417 859 4474; x_wconf 88' lang='lat' dir='ltr'>sanetus</span> <span class='ocrx_word' id='word_1_349' title='bbox 874 4405 1042 4494; x_wconf 87' lang='lat' dir='ltr'>Virgilius,</span> <span class='ocrx_word' id='word_1_350' title='bbox 1064 4405 1148 4474; x_wconf 90' lang='lat' dir='ltr'>filius</span> <span class='ocrx_word' id='word_1_351' title='bbox 1162 4405 1246 4494; x_wconf 89' lang='lat' dir='ltr'>regis</span> <span class='ocrx_word' id='word_1_352' title='bbox 1267 4406 1411 4484; x_wconf 85' lang='lat' dir='ltr'>Iberniae,</span> <span class='ocrx_word' id='word_1_353' title='bbox 1433 4405 1483 4472; x_wconf 88' lang='lat' dir='ltr'>vir</span> 
     </span>
     <span class='ocr_line' id='line_1_41' title="bbox 287 4492 1482 4582; baseline -0.003 -22"><span class='ocrx_word' id='word_1_354' title='bbox 287 4493 485 4562; x_wconf 86' lang='lat' dir='ltr'>doctissimus</span> <span class='ocrx_word' id='word_1_355' title='bbox 499 4493 533 4559; x_wconf 88' lang='lat' dir='ltr'>in</span> <span class='ocrx_word' id='word_1_356' title='bbox 547 4493 640 4560; x_wconf 87' lang='lat' dir='ltr'>rebus</span> <span class='ocrx_word' id='word_1_357' title='bbox 654 4493 880 4582; x_wconf 86' lang='lat' dir='ltr'>philosophicis</span> <span class='ocrx_word' id='word_1_358' title='bbox 894 4507 926 4560; x_wconf 87' lang='lat' dir='ltr'>et</span> <span class='ocrx_word' id='word_1_359' title='bbox 950 4493 1147 4582; x_wconf 89' lang='lat' dir='ltr'>theologicis,</span> <span class='ocrx_word' id='word_1_360' title='bbox 1168 4492 1369 4560; x_wconf 84' lang='lat' dir='ltr'>concionator</span> <span class='ocrx_word' id='word_1_361' title='bbox 1390 4492 1482 4557; x_wconf 90' lang='lat' dir='ltr'>Auli·</span> 
     </span>
     <span class='ocr_line' id='line_1_42' title="bbox 288 4579 1483 4670; baseline 0.001 -24"><span class='ocrx_word' id='word_1_362' title='bbox 288 4605 342 4646; x_wconf 82' lang='lat' dir='ltr'>eus</span> <span class='ocrx_word' id='word_1_363' title='bbox 358 4580 477 4668; x_wconf 88' lang='lat' dir='ltr'>Pipini,</span> <span class='ocrx_word' id='word_1_364' title='bbox 493 4580 687 4654; x_wconf 83' lang='lat' dir='ltr'>Francorum</span> <span class='ocrx_word' id='word_1_365' title='bbox 701 4580 784 4670; x_wconf 90' lang='lat' dir='ltr'>regis</span> <span class='ocrx_word' id='word_1_366' title='bbox 799 4593 831 4646; x_wconf 90' lang='lat' dir='ltr'>et</span> <span class='ocrx_word' id='word_1_367' title='bbox 845 4579 940 4668; x_wconf 88' lang='lat' dir='ltr'>patris</span> <span class='ocrx_word' id='word_1_368' title='bbox 950 4580 1056 4648; x_wconf 81' lang='lat' dir='ltr'>Caroli</span> <span class='ocrx_word' id='word_1_369' title='bbox 1070 4579 1188 4668; x_wconf 76' lang='lat' dir='ltr'>magui,</span> <span class='ocrx_word' id='word_1_370' title='bbox 1203 4603 1304 4646; x_wconf 89' lang='lat' dir='ltr'>nouus</span> <span class='ocrx_word' id='word_1_371' title='bbox 1318 4580 1483 4668; x_wconf 84' lang='lat' dir='ltr'>episcopus</span> 
     </span>
     <span class='ocr_line' id='line_1_43' title="bbox 290 4666 1482 4755; baseline -0.004 -21"><span class='ocrx_word' id='word_1_372' title='bbox 290 4667 538 4755; x_wconf 72' lang='lat' dir='ltr'>saltzburgensis</span> <span class='ocrx_word' id='word_1_373' title='bbox 553 4666 588 4732; x_wconf 94' lang='lat' dir='ltr'>in</span> <span class='ocrx_word' id='word_1_374' title='bbox 602 4667 746 4746; x_wconf 65' lang='lat' dir='ltr'>Bouaria,</span> <span class='ocrx_word' id='word_1_375' title='bbox 759 4669 849 4754; x_wconf 86' lang='lat' dir='ltr'>cujus</span> <span class='ocrx_word' id='word_1_376' title='bbox 864 4669 1043 4734; x_wconf 86' lang='lat' dir='ltr'>“secundus</span> <span class='ocrx_word' id='word_1_377' title='bbox 1058 4666 1228 4755; x_wconf 89' lang='lat' dir='ltr'>apostolus”</span> <span class='ocrx_word' id='word_1_378' title='bbox 1242 4666 1430 4744; x_wconf 86' lang='lat' dir='ltr'>nominatur,</span> <span class='ocrx_word' id='word_1_379' title='bbox 1446 4677 1482 4730; x_wconf 94' lang='lat' dir='ltr'>ut</span> 
     </span>
    </p>
   </div>
   <div class='ocr_carea' id='block_1_3' title="bbox 288 4751 1483 4907">
    <p class='ocr_par' dir='ltr' id='par_1_7' title="bbox 288 4751 1483 4907">
     <span class='ocr_line' id='line_1_44' title="bbox 288 4751 1483 4907; baseline -0.003 -87"><span class='ocrx_word' id='word_1_380' title='bbox 288 4754 382 4822; x_wconf 88' lang='lat' dir='ltr'>etiam</span> <span class='ocrx_word' id='word_1_381' title='bbox 398 4766 430 4820; x_wconf 88' lang='lat' dir='ltr'>ot</span> <span class='ocrx_word' id='word_1_382' title='bbox 442 4755 563 4907; x_wconf 84' lang='lat' dir='ltr'>primus</span> <span class='ocrx_word' id='word_1_383' title='bbox 577 4755 735 4844; x_wconf 82' lang='lat' dir='ltr'>spostolus</span> <span class='ocrx_word' id='word_1_384' title='bbox 748 4753 932 4835; x_wconf 80' lang='lat' dir='ltr'>Kerinthirc‚</span> <span class='ocrx_word' id='word_1_385' title='bbox 944 4756 1033 4842; x_wconf 91' lang='lat' dir='ltr'>cujus</span> <span class='ocrx_word' id='word_1_386' title='bbox 1047 4755 1159 4821; x_wconf 90' lang='lat' dir='ltr'>ducem</span> <span class='ocrx_word' id='word_1_387' title='bbox 1171 4751 1393 4831; x_wconf 88' lang='lat' dir='ltr'>Rectimarum,</span> <span class='ocrx_word' id='word_1_388' title='bbox 1409 4775 1483 4817; x_wconf 92' lang='lat' dir='ltr'>cum</span> 
     </span>
    </p>
   </div>
   <div class='ocr_carea' id='block_1_4' title="bbox 288 4838 1483 4930">
    <p class='ocr_par' dir='ltr' id='par_1_8' title="bbox 288 4838 1483 4930">
     <span class='ocr_line' id='line_1_45' title="bbox 288 4838 1483 4930; baseline -0.003 -23"><span class='ocrx_word' id='word_1_389' title='bbox 288 4865 343 4907; x_wconf 87' lang='lat' dir='ltr'>suo</span> <span class='ocrx_word' id='word_1_390' title='bbox 356 4865 441 4930; x_wconf 92' lang='lat' dir='ltr'>popu</span> <span class='ocrx_word' id='word_1_391' title='bbox 455 4865 484 4920; x_wconf 94' lang='lat' dir='ltr'>o,</span> <span class='ocrx_word' id='word_1_392' title='bbox 511 4842 666 4908; x_wconf 83' lang='lat' dir='ltr'>convertit</span> <span class='ocrx_word' id='word_1_393' title='bbox 686 4841 726 4908; x_wconf 83' lang='lat' dir='ltr'>ad</span> <span class='ocrx_word' id='word_1_394' title='bbox 748 4841 917 4910; x_wconf 84' lang='lat' dir='ltr'>Christum.</span> <span class='ocrx_word' id='word_1_395' title='bbox 963 4841 1063 4910; x_wconf 87' lang='lat' dir='ltr'>Venit</span> <span class='ocrx_word' id='word_1_396' title='bbox 1087 4865 1130 4907; x_wconf 87' lang='lat' dir='ltr'>ex</span> <span class='ocrx_word' id='word_1_397' title='bbox 1149 4839 1276 4909; x_wconf 75' lang='lat' dir='ltr'>Ibernid</span> <span class='ocrx_word' id='word_1_398' title='bbox 1294 4864 1367 4905; x_wconf 90' lang='lat' dir='ltr'>cum</span> <span class='ocrx_word' id='word_1_399' title='bbox 1392 4838 1483 4906; x_wconf 89' lang='lat' dir='ltr'>sociis</span> 
     </span>
    </p>
   </div>
   <div class='ocr_carea' id='block_1_5' title="bbox 0 0 1872 6053">
    <p class='ocr_par' dir='ltr' id='par_1_9' title="bbox 0 0 1872 6053">
     <span class='ocr_line' id='line_1_46' title="bbox 0 0 1872 6053; baseline 0 0"><span class='ocrx_word' id='word_1_400' title='bbox 0 0 1872 6053; x_wconf 95' lang='lat' dir='ltr'> </span> 
     </span>
    </p>
   </div>
  </div>
 </body>
</html>
