3772 6008
440 771 481 836 90
784 787 964 836 mononrr
978 787 1049 836 rao
1065 787 1249 834 rrrsnnrrrrr.
1456 771 1548 859 [crs.
1565 790 1627 837 ιιι.

439 943 603 1044 Stringnil
628 943 682 1030 qui
706 943 855 1009 nimirum
880 945 953 1010 obm
978 955 1057 1010 esset
1081 941 1296 1030 magnanimus
1316 953 1348 1008 et
1367 966 1460 1031 supra
1480 944 1627 1012 vires'rei

435 1029 595 1096 farniharis
618 1029 770 1119 profusus,
795 1030 992 1118 amplissimis
1013 1029 1187 1096 redditibus
1208 1029 1387 1108 exinanitis,
1421 1043 1453 1096 et
1474 1031 1627 1098 exhausto

436 1116 500 1182 fere
525 1116 722 1206 patrimonio,
749 1117 954 1183 creditoribus
974 1129 1041 1182 erat
1061 1139 1154 1204 supra
1174 1115 1304 1182 modum
1336 1115 1504 1196 obnoxius,
1533 1130 1626 1204 atque

435 1203 507 1269 ideo
521 1203 692 1291 proclivibs
705 1203 745 1269 ad
759 1204 877 1289 majora
889 1202 1096 1270 invitantibus
1111 1202 1281 1289 adquievit.
1339 1202 1541 1269 Armatonrm
1553 1227 1627 1294 ergo

429 1290 593 1376 juvenum
628 1290 764 1378 plurima
788 1291 852 1357 vali
915 1314 955 1356 ue
984 1313 1079 1356 manu
1115 1293 1284 1368 contractd,
1307 1289 1341 1354 in
1366 1294 1447 1356 tent
1464 1289 1545 1376 juris
1568 1293 1625 1370 sui,

434 1376 573 1456 classem,
588 1377 836 1443 tansfretaturus
850 1376 885 1442 in
996 1376 1057 1443 ‘am
1079 1377 1279 1464 praeparabat.
1323 1375 1469 1462 Cumque
1486 1378 1554 1463 jam
1568 1377 1626 1444 sol-

433 1487 507 1614 e
531 1475 663 1615 rr
681 1463 846 1617 ιιι
866 1463 920 1564 a
934 1487 977 1530 ι
1107 1462 1189 1616 ιι
1210 1461 1625 1618 reserares

432 1571 488 1616 ren
597 1573 681 1616 eve
737 1575 760 1616 n
819 1573 1112 1630 us1e1,uamrn
1167 1572 1188 1614 n
1387 1572 1575 1618 erevrea

432 1649 603 1703 remoratus
638 1637 764 1716 affectu,
804 1573 1009 1703 nihilomnius
1037 1572 1254 1714 transfretagvit,
1282 1572 1390 1723 pdtbsire
1420 1649 1622 1725 expectantes

431 1723 531 1790 socios
560 1735 667 1812 optato
695 1722 867 1790 laetificavit
895 1724 1044 1790 adventu.
1101 1722 1226 1788 Junctis
1253 1745 1332 1788 mox
1360 1721 1469 1812 copiis,
1502 1723 1622 1810 aliquid

431 1809 953 1964 Bgffiendumbgfflendfflue
973 1823 1068 1963 rpppis,
1131 1808 1247 1910 rvicaci
1275 1807 1442 1962 irppetrpim
1417 1809 1508 1877 irruit
1510 1833 1622 1962 rsupper

467 1921 487 1962 u
566 1920 621 1963 um
646 1921 685 1963 ur
724 1921 757 1962 m
770 1921 848 1964 marr
908 1920 959 1962 am
1044 1919 1081 1962 us
1203 1919 1230 1962 ae
1243 1917 1294 1962 me
1582 1921 1621 1966 ue

430 1947 644 2063 celeberrimi,
674 1985 709 2048 in
737 1983 932 2050 commerciis
951 1945 994 2050 -bt
1032 1981 1257 2050 commeatibus
1276 1919 1452 2049 nostidnrni
1468 1920 1622 2050 1isimullrn

432 2069 676 2136 Londiniarum:
699 2075 762 2157 qut
777 2069 870 2158 (urbe
885 2068 1054 2156 Dublinio)
1070 2068 1192 2136 fortiter
1205 2068 1410 2156 celeriterque
1431 2093 1474 2136 ex
1579 2075 1621 2150 ta,

431 2156 583 2244 plurimos
605 2157 701 2223 etiam
722 2156 846 2244 longiis
859 2156 976 2245 positos
997 2156 1146 2246 (lbemiae
1177 2167 1264 2224 metu
1284 2156 1443 2245 perculsos
1463 2093 1620 2224 inulrbdus

430 2241 540 2308 venire
555 2242 668 2332 coegit.
713 2243 880 2310 Insistebat
901 2241 1042 2310 finitimis
1098 2267 1122 2332 p
1157 2243 1164 2257 '
1195 2242 1385 2332 pertinacius
1398 2242 1531 2332 priscam
1541 2243 1622 2311 tueri

429 2327 603 2394 nitentibus
634 2329 820 2408 libertatem,
849 2329 1038 2398 munitiones
1077 2329 1141 2397 ocis
1170 2353 1210 2419 op
1253 2329 1352 2396 rtrrnis
1372 2341 1563 2410 construens,
1588 2344 1621 2398 et

429 2413 674 2482 dominationem
692 2415 850 2517 paulatim
874 2418 1074 2504 protendens,
1089 2430 1149 2484 etc.
1193 2353 1293 2502 drijus
1312 2428 1418 2484 tarnen
1442 2416 1535 2483 fausti
1554 2441 1621 2484 suc-

428 2523 531 2568 cessus
547 2503 620 2567 clun
634 2525 668 2568 re
717 2503 923 2569 innotuissent
935 2503 1125 2593 Anglorum‚
1147 2516 1251 2570 motus
1273 2503 1359 2590 qubd
1377 2527 1417 2570 eo
1437 2527 1500 2570 non
1521 2504 1620 2570 solbm

426 2585 615 2670 inconsulto,
631 2527 795 2657 sedetiam
805 2589 1054 2672 inhibente,rem
1065 2603 1184 2658 tantam
1198 2589 1306 2657 fuisset
1480 2602 1620 2679 ,etpres-

430 2675 522 2740 clarae
537 2675 748 2763 acquisitionis
761 2676 892 2765 gloriam
907 2677 956 2743 illi
970 2678 1074 2766 potiirs
1085 2689 1121 2745 ut
1130 2677 1322 2766 precellenti
1403 2676 1576 2756 ribendam‚
1585 2676 1621 2744 in

427 2785 459 2827 se
475 2763 685 2843 convertisset,
707 2787 799 2829 omne
819 2765 887 2850 ejus
900 2763 934 2830 in
948 2764 1071 2853 Anglia
1091 2763 1314 2853 patrimonium
1333 2763 1409 2831 fisco
1431 2763 1565 2842 addixit,
1587 2777 1620 2831 et

426 2872 467 2915 ne
483 2850 568 2935 quod
582 2875 625 2918 ex
636 2851 758 2940 Angrit
770 2851 942 2918 subsidium
953 2851 1088 2918 lbernire
1101 2851 1274 2930 inferretur,
1289 2863 1478 2918 commeatus
1490 2850 1619 2917 navium

426 2935 602 3016 interdixit,
623 2937 750 3004 fortiora
765 2961 890 3025 quoque
912 2938 1116 3018 comminans,
1135 2937 1171 3004 in
1195 2933 1327 3026 gratiam
1343 2939 1495 3004 maturilrs
1516 2937 1618 3004 redire

426 3023 580 3175 corppulit
597 3025 665 3124 jam
680 3025 852 3178 peniDoeb'
878 3037 973 3127 tem.
1017 3025 1130 3112 Itaque
1141 3025 1319 3126 extorsioet
1332 3024 1564 3126 samosiaeimam
1586 3039 1618 3090 et

425 3123 739 3298 iiddbeaiitidrlltpiiimte
753 3135 827 3262 reid
842 3123 1259 3287 rehlbliilfduondtdilrirddmlb
1273 3123 1480 3286 isddudldglibd
1494 3125 1618 3300 lplotpppp

425 3280 474 3346 illi
488 3281 632 3348 restituto
641 3283 735 3371 Jussit
749 3307 814 3350 esse
828 3296 1020 3364 contentum,
1043 3297 1102 3352 etc.
1146 3283 1226 3351 Haec
1247 3284 1473 3374 Neubrigensis
1494 3285 1615 3363 relatio,

425 3368 469 3432 mi
485 3368 636 3457 Gyralde,
666 3370 739 3436 satis
766 3384 841 3437 nota
861 3370 938 3437 olim
967 3371 1136 3440 lectoribus
1156 3371 1307 3438 librorum
1329 3384 1465 3451 tuorum,
1488 3371 1616 3439 dederat

423 3453 498 3542 ipsis
524 3479 630 3522 ansam
655 3479 721 3524 non
741 3457 876 3524 multum
896 3457 1016 3524 fidendi
1036 3458 1108 3538 tuis,
1131 3458 1170 3525 de
1193 3472 1235 3538 te,
1256 3459 1391 3545 tuisque,
1413 3458 1563 3525 encomiis
1584 3471 1616 3525 et

422 3653 526 3696 rosa
626 3655 649 3696 u
859 3655 947 3698 aee
1144 3656 1283 3698 eum
1380 3655 1524 3711 resnou
1580 3657 1614 3700 os

423 3713 516 3782 fuisse
531 3717 625 3803 quarn
639 3716 771 3805 injustos
786 3717 881 3784 alieni
891 3717 972 3807 juris
985 3655 1151 3798 innexas,
1168 3743 1204 3786 ac
1219 3657 1396 3808 tymirnicos
1416 3719 1612 3807 praedatores,

422 3814 455 3868 et
469 3803 553 3890 pacis
567 3805 749 3886 turbatores,
759 3804 815 3892 qui
829 3818 936 3872 corsua
949 3829 1131 3895 expressum
1143 3805 1190 3872 sui
1200 3805 1334 3895 legitimi
1345 3805 1611 3894 regisimperium‚

422 3912 555 3977 regnum
570 3889 707 3957 alienum
721 3897 883 3958 vastarunt
896 3903 930 3958 et
943 3898 1151 3982 occupatum
1166 3916 1229 3958 non
1239 3893 1301 3959 alio
1310 3894 1384 3979 jure
1395 3893 1490 3979 quim
1504 3893 1612 3982 gladii,

423 3987 455 4040 et
476 3989 513 4041 ut
536 4000 596 4043 rex
618 3977 777 4045 Henricus
798 3978 910 4058 aiebat,
933 3983 1057 4046 “ausds
1082 3979 1264 4046 temerarii?
1304 3979 1445 4059 Audisti,
1470 3993 1507 4045 ut
1527 3979 1612 4046 idem

423 4059 544 4129 Neubn’
567 4063 648 4129 ensis
672 4076 812 4146 testatus
837 4079 905 4132 tuos
930 4078 1032 4132 tantos
1054 4065 1125 4134 illos
1150 4066 1313 4153 Trojanos,
1339 4077 1372 4132 et
1389 4065 1473 4132 viros
1495 4080 1559 4132 ate
1578 4065 1612 4131 in

422 4149 516 4215 coelos
538 4174 556 4214 e
587 4161 645 4230 tos,
668 4151 734 4217 lere
755 4175 862 4219 omnes
876 4151 969 4219 fuine
993 4151 1136 4220 homines
1149 4152 1203 4219 ino
1226 4153 1257 4218 ia
1278 4152 1461 4232 laborantes,
1483 4152 1613 4241 cupidos

422 4235 512 4315 lucri,
527 4259 588 4302 aere
603 4236 705 4303 alieno
718 4239 896 4316 exhaustos,
911 4251 944 4306 et
957 4239 1079 4306 miraris
1093 4177 1260 4306 lectoribus
1274 4240 1343 4320 ista,
1365 4251 1397 4305 et
1410 4239 1501 4328 plura
1514 4238 1611 4306 scien·

421 4324 515 4402 tibus,
531 4335 743 4424 contemptam
758 4325 851 4392 fuine
873 4325 968 4393 fidem
989 4339 1023 4392 et
1043 4326 1209 4394 lectionem
1224 4325 1375 4392 librorum
1396 4339 1531 4404 tuorum,
1554 4324 1610 4412 qui

420 4423 541 4476 scatent
554 4409 687 4499 propr-irs
700 4411 762 4478 tuis
777 4425 962 4500 tuorumque
972 4412 1149 4514 preconiis,
1164 4412 1345 4502 vilipendiis
1360 4412 1502 4491 aliorum,
1511 4410 1609 4477 scien·

420 4495 473 4562 tiis
488 4496 638 4577 absurdis,
664 4498 881 4586 superstitiosis
895 4499 1104 4589 opinionibus,
1116 4499 1358 4566 detractionibus
1373 4497 1498 4565 honoris
1512 4497 1609 4563 eccle·

419 4583 473 4649 siae
487 4583 659 4665 militantis,
685 4601 778 4674 atque
803 4599 988 4666 sanctorum,
1011 4611 1088 4686 qnos
1101 4586 1169 4675 ipsa
1182 4585 1275 4666 colit;
1297 4586 1419 4652 famosis
1432 4584 1467 4650 in
1481 4583 1608 4651 Iberno·

419 4695 489 4737 rum
504 4671 678 4739 universam
693 4688 829 4763 gentem,
844 4673 988 4760 falsisque
1002 4673 1133 4752 hbellis;
1148 4671 1216 4739 aliis
1230 4673 1338 4740 naeniis
1352 4685 1384 4738 et
1397 4669 1499 4759 nugis.

467 4759 589 4826 Olaudo
605 4775 709 4849 caput,
733 4775 765 4830 et
779 4775 815 4828 ut
830 4760 983 4849 principia
1004 4759 1168 4850 postremis
1187 4760 1403 4850 respondeant,
1429 4755 1607 4825 meminisse

1743 9 1865 525 l
