3736 6054
743 843 991 894 turnonucrto.
1448 854 1469 894 V

270 998 442 1065 honorifice
457 1001 497 1066 de
512 999 612 1100 magis
626 1010 681 1064 aut
694 998 881 1079 Pithonicis,
896 1023 1067 1088 eorumque
1083 1001 1199 1067 divinis
1220 1013 1256 1066 ut
1277 1013 1369 1067 vocat
1392 1003 1469 1068 vati-

270 1084 370 1163 ciniis,
381 1085 565 1176 prophetiis,
575 1110 609 1150 in
624 1086 761 1153 favorem
777 1087 1031 1175 superstitionum
1047 1099 1080 1154 et
1093 1088 1342 1177 superstitiosum
1356 1088 1470 1154 multo·

270 1196 340 1237 rum
355 1173 459 1258 loqui;
482 1185 629 1240 tenentur
645 1187 678 1239 et
691 1173 831 1240 resistere
846 1173 902 1260 qui
916 1175 1018 1242 sciunt
1039 1175 1091 1264 (ut
1110 1174 1246 1262 legendo
1267 1187 1371 1240 nostra
1392 1176 1469 1241 sciet

269 1259 402 1410 quisque
428 1260 580 1326 hactenus
603 1258 768 1344 nescierat)
795 1259 973 1349 Gyraldum
996 1262 1022 1328 si
1049 1286 1092 1327 ex
1117 1261 1239 1412 scriptis
1263 1261 1404 1348 ejusdem
1429 1262 1470 1328 sit

282 1347 397 1412 erenda
410 1347 574 1427 sententia,
588 1347 750 1413 hominem
765 1347 858 1414 fiiisse
880 1347 980 1414 facilis
1000 1361 1033 1414 et
1053 1347 1150 1414 fluxae
1195 1349 1257 1426 dei,
1279 1347 1467 1414 servientem

269 1433 413 1521 tempori,
425 1435 572 1544 populari
587 1457 680 1513 aurae,
696 1433 875 1522 principum
889 1434 978 1513 aulis,
993 1435 1142 1524 pleraque
1157 1435 1345 1501 scribentem
1356 1458 1399 1500 ex
1410 1435 1468 1499 im·

268 1531 346 1606 petu
368 1533 473 1608 potius
498 1520 638 1600 affectus,
687 1523 761 1585 ulam
783 1520 916 1609 imperio
940 1521 1068 1588 rationis
1081 1533 1183 1587 rectae.
1228 1520 1313 1586 Mihi
1335 1521 1467 1620 proinde

267 1605 381 1685 usum,
397 1620 485 1673 notas
500 1607 620 1694 aliquot
630 1607 664 1672 in
728 1607 850 1674 raldum
864 1608 1021 1689 meditari,
1032 1608 1087 1696 qui
1098 1631 1172 1674 cum
1183 1607 1327 1676 venerint
1340 1630 1375 1672 rn
1389 1609 1468 1696 pub

269 1691 363 1758 licam
378 1693 533 1774 notitiam,
549 1693 663 1760 multos
677 1694 711 1758 in
749 1707 884 1760 osterum
898 1719 1025 1762 monere
1039 1707 1179 1784 possunt,
1191 1695 1217 1762 ai
1233 1695 1376 1783 legerint,
1388 1695 1468 1760 mul-

270 1793 318 1845 tos
339 1781 458 1847 mederi
522 1793 629 1848 terunt
671 1718 747 1847 utri
757 1781 894 1870 legerint
914 1794 947 1848 et
966 1782 1084 1848 incauti
1106 1782 1305 1860 crediderint,
1329 1793 1468 1847 autnon

270 1865 445 1954 respuerint
493 1891 607 1955 eraque
625 1805 767 1934 Silvestri
788 1881 965 1935 commenta
986 1868 1161 1935 vanissima.
1204 1868 1261 1935 Ad
1283 1891 1360 1954 quas
1380 1881 1469 1934 notas

269 1953 444 2104 pervulgari
468 1978 500 2020 as
527 1978 591 2020 non
621 1978 732 2043 parum
761 1979 812 2021 me
838 1954 1081 2023 extimulaverat
1115 1980 1153 2021 co
1199 1955 1298 2021 ovisse
1327 1955 1467 2020 studium

294 2040 401 2106 ereticr
431 2041 597 2120 Camdeni,
627 2042 683 2127 qui
712 2065 777 2108 non
804 2055 969 2110 contentus
993 2042 1028 2108 in
1056 2047 1112 2108 sut
1170 2041 1305 2108 ritannit
1333 2041 1468 2108 edidisse

269 2127 400 2192 famosos
414 2127 537 2195 libellos
552 2129 698 2195 adversus
711 2128 813 2194 varios
828 2147 959 2212 sanctos,
976 2141 1044 2195 turn
1058 2129 1183 2218 Anglos
1197 2143 1265 2195 tum
1281 2128 1420 2208 Ibernos,
1436 2141 1469 2194 et

269 2237 313 2279 ex
340 2214 484 2281 instituto
509 2214 664 2304 scripsisse
689 2228 798 2282 contra
819 2227 948 2304 gentem
970 2217 1130 2305 praesentis
1151 2215 1250 2282 aetatis
1272 2216 1467 2295 Ibemorum,

269 2301 400 2366 infames
414 2301 642 2388 mendacesque
664 2302 851 2381 calumnias;
874 2303 931 2369 sed
954 2305 1091 2391 (utnon
1112 2304 1193 2368 vane
1214 2301 1348 2368 fortassis
1369 2301 1468 2388 aliqui

269 2387 479 2476 suspicantiu)
506 2389 546 2454 ad
571 2387 755 2454 stabilienda
780 2389 879 2477 magis
902 2390 1075 2470 mendacia,
1099 2401 1132 2456 et
1157 2390 1197 2454 ad
1218 2391 1369 2476 majorem
1384 2389 1468 2477 apud

269 2488 395 2540 exteras
417 2475 558 2542 nationes
581 2474 812 2542 conciliandum
838 2489 1055 2565 contemptum
1077 2477 1225 2542 adversus
1250 2475 1411 2564 praesentis
1437 2489 1470 2541 et

269 2561 497 2712 praeteritorum
508 2562 684 2628 seculorum
696 2575 824 2651 gentem
834 2562 1016 2652 indigenam
1028 2563 1173 2642 Iberrriae,
1188 2561 1290 2628 voluit
1303 2561 1339 2627 in
1352 2563 1468 2651 vulgus

294 2647 420 2738 'ssipare
435 2649 570 2737 Gyraldi
592 2649 694 2738 prisca
715 2649 874 2738 figmenta.
920 2649 1044 2731 Quibus
1066 2650 1162 2716 ctiam
1183 2649 1225 2715 ad
1246 2648 1470 2737 descriptiones

270 2749 409 2801 recentes
424 2737 565 2822 ejusdem
579 2735 689 2801 insulae
704 2749 736 2802 et
750 2761 884 2816 morum,
940 2760 956 2801 r
969 2760 1105 2804 errorem
1119 2735 1168 2802 usi
1183 2749 1255 2801 sunt
1267 2735 1469 2802 Abrahamus

270 2821 410 2888 Ortelius
431 2822 466 2887 in
488 2847 545 2888 suo
567 2847 660 2922 opere
682 2835 715 2889 et
734 2823 873 2890 Joarmes
923 2823 1047 2890 icardus
1068 2824 1103 2888 in
1124 2821 1187 2888 suis
1209 2823 1250 2887 ad
1271 2822 1468 2890 Cnrlielmum

270 2908 522 3009 Neubrigensem
536 2921 619 2974 notis
632 2921 666 2976 et
679 2909 742 2974 alii.
787 2910 834 2977 Ut
854 2910 929 2975 verb
951 2910 1059 2976 videm
1085 2912 1137 2998 (ut
1160 2931 1269 2974 revera
1292 2913 1377 2993 sum)
1404 2931 1468 2974 non

269 2996 351 3061 male
367 3008 520 3062 ammatus
534 2995 569 3060 in
583 2996 617 3061 G
684 2996 771 3075 dum,
785 2996 840 3063 sed
854 2997 889 3062 in
903 2996 986 3061 mala
996 2995 1137 3083 ejusdem
1146 2995 1271 3082 scripta,
1283 2995 1465 3075 vanitatem,

268 3083 497 3149 immodestiam
512 3094 545 3149 et
558 3107 590 3148 m
621 3083 810 3149 edicentiam
824 3081 859 3147 in
881 3091 1001 3149 sanctos
1023 3082 1097 3162 Dei,
1119 3094 1152 3149 et
1172 3081 1304 3170 patriam
1325 3093 1466 3170 gentem·

270 3193 332 3254 que
341 3193 461 3248 meam3
482 3169 564 3235 illud
577 3169 718 3235 maxime
732 3169 851 3248 curavi,
865 3183 902 3235 ut
916 3168 950 3233 in
963 3169 1020 3235 illo
1033 3168 1165 3248 facilius,
1176 3169 1293 3255 majore
1307 3193 1381 3234 cum
1395 3193 1467 3235 auc·

269 3255 394 3322 toritate
409 3269 441 3322 et
454 3255 517 3322 fide
531 3255 705 3335 refutando,
720 3256 779 3322 vix
793 3255 872 3323 meis
886 3268 957 3322 utar
971 3257 1074 3324 verbis
1089 3268 1144 3322 aut
1158 3255 1463 3356 amplificationibus,

269 3343 322 3408 vel
346 3342 500 3424 coloribus
526 3356 781 3431 argumentorum
803 3342 898 3432 longe
921 3343 1101 3432 petitorum,
1125 3343 1180 3409 sed
1205 3342 1303 3430 ipsius
1329 3342 1463 3431 Gyraldi

269 3429 373 3496 verbis
387 3442 494 3496 eontra
508 3429 684 3518 Gyraldum
704 3431 809 3518 aperte
831 3429 1025 3510 testantibus,
1047 3429 1162 3519 partim
1183 3428 1377 3495 manifestam
1398 3452 1463 3517 prae

268 3539 302 3582 se
331 3517 563 3594 absurditatem,
593 3516 778 3604 piarumque
807 3515 930 3582 aurium
959 3517 1162 3584 offensionem
1192 3514 1380 3593 ferentibus3
1410 3517 1463 3582 vel

265 3603 369 3668 verbis
389 3615 460 3670 utar
483 3603 515 3669 S.
531 3603 696 3681 Bemardi,
718 3617 751 3670 et
772 3603 902 3670 aliorum
925 3605 1011 3669 omni
1033 3603 1220 3691 exceptione
1242 3603 1396 3689 majorum
1410 3603 1463 3668 ad-

265 3713 373 3755 versus
388 3690 559 3756 calumnias
580 3703 613 3755 et
634 3690 777 3777 quaedam
798 3703 993 3757 monstruosa
1013 3689 1178 3756 mendacia
1200 3699 1219 3729 ‘⁶
1231 3689 1462 3778 Topographiae

266 3789 300 3842 et
313 3776 502 3842 Vaticinalis
518 3777 685 3843 Historiae’'
707 3777 828 3864 praefati
850 3776 995 3866 Gyraldi.
1050 3777 1104 3843 Tu
1125 3778 1211 3856 verb,
1240 3775 1462 3842 humanisdmc

265 3863 373 3940 lector,
389 3864 414 3930 si
428 3863 476 3929 vis
491 3877 523 3930 et
537 3876 628 3930 vacat
640 3864 709 3929 haec
723 3877 827 3929 nostra
840 3863 954 3952 legere,
970 3876 1115 3952 rogatum
1128 3863 1211 3941 volo,
1222 3875 1258 3928 ut
1268 3887 1371 3950 neque
1382 3861 1463 3928 mihi

266 3950 394 4028 dicenti,
410 3974 512 4037 neque
528 3950 670 4038 Gyraldo
684 3950 909 4017 contradicenti
924 3974 1081 4016 assensum
1103 3949 1334 4029 accommodes,
1357 3949 1414 4016 sed
1432 3949 1462 4016 si

265 4038 379 4126 placat,
395 4038 473 4103 meis
486 4037 721 4126 probationibus
743 4038 883 4124 (quando
898 4037 1015 4103 videris
1030 4061 1094 4104 esse
1109 4038 1216 4125 plenas
1231 4061 1267 4102 ac
1282 4037 1406 4124 probas)
1430 4051 1463 4102 et

266 4124 376 4190 vestris
391 4124 488 4190 oculis
503 4124 598 4190 fidem
613 4125 736 4190 habeas.
780 4124 916 4191 Confido
937 4137 1084 4190 conatum
1099 4123 1345 4210 industriamque
1360 4147 1462 4190 meam

265 4212 527 4297 qualemcumque
543 4235 561 4276 a
575 4211 693 4276 duceri
707 4211 821 4276 mentis
836 4224 868 4277 et
881 4211 1071 4300 professione
1087 4210 1212 4299 pietatis
1226 4211 1261 4275 in
1275 4223 1405 4289 sanctos,
1428 4210 1462 4275 in

265 4298 451 4386 religionem
465 4297 651 4363 catholicam
666 4311 699 4364 et
712 4297 746 4362 in
783 4298 892 4362 atrium
907 4299 1088 4386 profectam,
1111 4298 1195 4386 apud
1216 4310 1304 4364 tuam
1318 4297 1461 4363 humani-

267 4398 364 4450 tatem
378 4397 411 4450 et
425 4383 602 4462 candorem,
625 4385 651 4449 si
671 4407 736 4450 non
757 4321 892 4464 liudem,
910 4409 1004 4471 quam
1019 4409 1121 4472 neque
1137 4383 1241 4450 ambio
1255 4408 1358 4472 neque
1374 4407 1461 4461 aveo,

265 4471 376 4537 saltem
391 4471 626 4537 excusationem
641 4484 849 4550 exoraturam,
871 4472 897 4537 si
918 4472 1021 4539 minim
1035 4472 1095 4540 tibi
1109 4471 1284 4540 satisfecero
1299 4474 1394 4560 quim
1409 4495 1462 4560 op·

266 4557 360 4624 terim
375 4571 429 4624 aut
442 4557 645 4646 promiserim.
690 4558 773 4626 Vale
788 4571 820 4625 et
834 4558 913 4625 fave.
