3736 6054
357 725 359 732 ⁴
415 731 457 796 58
738 736 741 742 '
770 749 1044 826 aroaoars'rao
1067 749 1255 797 nraasnrr.
1464 732 1556 820 [car.
1573 753 1607 798 v.

414 917 579 992 postquam
600 904 634 969 in
652 904 845 994 praefatione,
867 917 900 971 et
921 905 956 970 in
977 927 1044 993 cap.
1062 908 1078 970 1
1095 905 1150 972 lib.
1168 906 1198 983 1,
1214 903 1354 981 dixisset,
1378 913 1396 944 “
1410 904 1449 972 B.
1465 905 1606 984 Gallum,

414 1003 524 1056 natum
539 991 573 1055 in
585 991 720 1072 Ibernit,
730 1006 764 1057 et
776 992 940 1080 indigenas
954 993 1023 1078 ejus
1036 991 1119 1079 ipsos
1131 1015 1206 1070 esse,
1217 993 1319 1078 quos,”
1333 991 1447 1078 inquit,
1464 1003 1483 1031 “
1498 993 1607 1079 Scotos

415 1078 575 1158 dicimus,”
588 1079 702 1166 pergit,
725 1078 778 1145 lib.
802 1082 833 1157 2,
855 1103 923 1167 cap.
946 1081 998 1158 46,
1020 1079 1065 1144 ita
1086 1103 1224 1144 narrare:
1248 1078 1389 1166 “Nuper
1416 1103 1539 1165 quoque
1566 1081 1606 1147 de

413 1165 540 1230 natione
567 1164 742 1244 Scotorum,
767 1164 881 1252 quibus
902 1166 1094 1232 consuetudo
1116 1166 1335 1252 peregrinandi
1366 1167 1422 1250 (ad
1443 1166 1607 1234 innumera

412 1253 467 1338 pia
480 1251 549 1318 loca
562 1252 660 1338 orbis)
672 1254 740 1340 jam
753 1255 835 1353 pene
856 1252 891 1317 in
911 1266 1054 1318 naturam
1075 1276 1224 1319 conversa
1246 1266 1302 1331 est,
1325 1253 1454 1338 quidam
1476 1253 1605 1318 adveni·

413 1353 510 1418 entes,
539 1362 638 1404 unum
667 1363 684 1406 e
714 1363 777 1405 sura
805 1339 1034 1404 conviatoribus
1062 1338 1231 1438 multiplici
1260 1353 1346 1427 peste
1370 1361 1544 1427 possessum
1569 1341 1605 1406 in

413 1425 525 1490 eodem
554 1426 739 1492 monasterio
769 1426 819 1514 (S.
842 1427 938 1506 Galli,
967 1427 1002 1490 in
1031 1427 1195 1512 Helvetia)
1227 1425 1422 1506 dimiserunt,
1451 1426 1605 1512 quicum

413 1511 578 1599 aliquantis
607 1513 726 1579 ibidem
753 1527 926 1580 moraretur
953 1513 1073 1592 diebus,
1103 1525 1136 1578 et
1182 1513 1301 1578 uotidie
1327 1512 1517 1578 infirmitatis
1541 1537 1604 1579 suae

412 1599 586 1664 remedium
600 1600 693 1687 plena
707 1600 770 1666 fide
785 1601 974 1689 deposceret,
989 1613 1081 1666 nocte
1096 1624 1138 1685 qu
1181 1623 1230 1665 am
1246 1623 1351 1665 senem
1366 1599 1426 1666 sibi
1447 1623 1504 1699 per
1524 1624 1604 1665 som·

412 1709 490 1751 num
505 1685 586 1750 vidia
600 1687 749 1766 assistere,
764 1701 854 1775 gestu
869 1701 901 1752 et
915 1686 1026 1753 habitu
1040 1687 1265 1764 venerandum,
1282 1710 1387 1773 quem,
1410 1711 1480 1773 quis
1502 1687 1604 1753 esset?

410 1772 616 1860 interrogans,
637 1773 849 1840 beatissimum
870 1774 1000 1840 Gallum
1021 1773 1115 1839 fuisse
1137 1773 1315 1862 perdidicit,
1342 1787 1375 1839 et
1395 1773 1538 1861 protinus
1562 1775 1603 1840 ad

411 1859 519 1924 illum:
541 1860 682 1940 ‘cernis’
695 1861 809 1946 inquit,
833 1860 998 1940 ‘Domina
1012 1885 1064 1926 rne
1079 1884 1207 1948 corpore
1221 1873 1287 1926 toto
1302 1860 1496 1940 dissolutum,
1511 1861 1603 1927 meri·

411 1958 515 2011 torum
529 1958 655 2012 tuorum
669 1948 810 2034 quotidie
825 1948 1016 2014 evidentiam
1053 1947 1208 2013 raestolari.
1253 1947 1338 2026 Noli,
1354 1971 1438 2036 ergo,
1461 1948 1548 2035 quod
1570 1960 1603 2016 te

411 2032 579 2120 aliquando
594 2035 687 2102 credo
701 2035 865 2114 facturum,
882 2035 1007 2100 differre
1029 1971 1157 2113 diutins,
1180 2034 1302 2100 adhoc
1324 2034 1409 2099 enim
1431 2057 1529 2120 usque
1550 2059 1602 2102 ms

411 2134 602 2186 reservatum
626 2145 691 2187 esse
716 2145 880 2210 cognosco,
906 2136 944 2187 ut
965 2121 1010 2187 sic
1031 2121 1081 2187 his
1102 2121 1239 2188 barbaris
1260 2121 1359 2186 virttis
1380 2135 1434 2187 tua
1454 2121 1601 2188 latissime

410 2206 550 2286 clarebit,
573 2209 618 2273 ita
639 2209 734 2273 etiam
749 2209 851 2296 gentis
865 2222 926 2274 tuae
948 2207 1128 2275 hominibus
1149 2209 1330 2274 meritorum
1352 2221 1477 2274 tuorum
1498 2209 1603 2360 aba

409 2294 584 2360 innotescat
597 2308 629 2360 et
643 2295 774 2361 claritas.
820 2295 888 2362 Scis
909 2296 986 2384 ipse,
1009 2296 1077 2374 sois,
1099 2295 1238 2381 inquam,
1261 2319 1280 2360 a
1300 2294 1397 2360 natali
1418 2295 1485 2361 solo
1507 2319 1528 2381 q
1570 2320 1602 2361 m

409 2380 503 2469 longe
529 2381 587 2447 sim
613 2383 795 2469 disjunctus,
822 2389 1000 2470 quantaque
1025 2381 1060 2447 in
1085 2394 1147 2447 tuae
1173 2381 1430 2470 peregrinationis
1452 2383 1603 2470 augustiis

410 2468 547 2556 corporis
558 2469 719 2535 debilitate
729 2493 936 2558 compressus3
951 2492 1080 2535 succure
1096 2468 1205 2546 citilrs3
1228 2468 1380 2555 opitulare
1391 2469 1575 2554 quantocibs
1585 2470 1602 2534 l'

410 2555 484 2634 Qut
497 2555 552 2621 ille
567 2569 669 2621 motus
684 2556 896 2643 querimonia,
912 2557 1004 2622 vultu
1019 2555 1144 2644 placido
1158 2556 1202 2620 ita
1216 2555 1392 2643 respondit:
1416 2555 1500 2620 ‘Dic
1520 2579 1602 2622 mor·

408 2641 523 2710 talibus
538 2641 670 2723 reddita,
686 2644 849 2709 ecclesiam
864 2644 974 2744 petito,
990 2656 1022 2708 et
1036 2642 1158 2708 videbis
1179 2642 1288 2706 divino
1310 2642 1423 2708 melita
1444 2653 1476 2707 te
1498 2643 1601 2708 suble·

407 2729 475 2793 vari
503 2729 643 2808 consilio,
674 2733 769 2816 qitam
797 2743 905 2818 patnae
937 2730 988 2795 vel
1011 2742 1176 2818 parentum
1201 2729 1329 2794 solatio?
1386 2728 1483 2794 Mane
1507 2730 1599 2808 facto,

408 2839 529 2882 summo
559 2816 656 2883 animi
682 2817 842 2906 gestientis
871 2818 989 2895 ardore,
1005 2817 1047 2883 ad
1075 2816 1235 2882 basilicam
1261 2827 1416 2968 properat,
1447 2828 1480 2880 et
1503 2816 1601 2902 juxte

408 2903 566 2968 tumulum
596 2903 633 2968 B.
650 2904 745 2983 Galli,
775 2905 986 2993 promissionis
1014 2927 1144 2982 memor,
1174 2901 1318 2991 precius
1346 2901 1468 2968 insistit.
1523 2902 1600 2968 Post

409 2991 579 3055 orationem
601 3002 634 3055 et
654 2991 815 3078 lacrymas,
838 2993 953 3080 angulo
967 2989 1150 3091 sarcophagi
1165 2989 1310 3067 adnixus,
1326 2987 1423 3077 coepit
1437 3012 1468 3054 se
1483 2990 1596 3054 senaim

409 3076 539 3164 erigere,
565 3100 625 3142 nec
649 3078 736 3165 pribs
758 3079 833 3144 lecti
859 3079 1019 3165 angulum,
1043 3079 1095 3143 cui
1118 3076 1318 3154 innitebatur,
1333 3076 1479 3154 descnrit,
1504 3078 1599 3162 quarn

407 3168 524 3228 statura
537 3169 640 3228 erecta
654 3177 687 3228 et
701 3177 829 3252 accepto
842 3167 963 3244 robore,
978 3188 1035 3251 per
1051 3186 1083 3230 se
1098 3164 1144 3229 ire
1165 3177 1198 3229 et
1219 3163 1320 3228 redire
1342 3161 1509 3250 potuissem
1532 3163 1598 3248 qni,

407 3262 547 3350 tempore
569 3249 767 3338 procedente,
789 3251 883 3338 plena
904 3251 1035 3316 sanitate
1058 3251 1199 3328 donatus,
1222 3249 1257 3315 in
1277 3249 1388 3314 eodem
1411 3251 1597 3316 monasterio

407 3337 552 3425 precrbus
567 3349 600 3401 et
612 3348 725 3402 sancta
739 3336 814 3402 vitae
829 3337 1004 3402 deserviens
1017 3337 1167 3402 hactenus
1181 3337 1406 3402 conversatur.”

452 3423 567 3504 Quare,
584 3448 604 3489 o
619 3423 764 3504 Camber,
778 3447 842 3488 non
856 3425 978 3488 tantiam
992 3423 1052 3490 ista
1066 3422 1276 3501 dissimulasti,
1291 3447 1360 3509 quae
1386 3433 1511 3488 ceteros
1533 3447 1597 3488 non

406 3510 575 3590 latuerunt,
591 3509 630 3576 de
641 3510 673 3576 vi
698 3523 769 3577 ente
783 3511 1003 3576 interIbemos
1013 3511 1074 3576 hoc
1088 3509 1203 3589 seculo,
1218 3510 1322 3576 studio
1335 3509 1519 3588 litterarum,
1531 3509 1593 3598 pie-

406 3597 488 3676 iatis,
504 3598 624 3664 fervore
638 3597 660 3662 fi
683 3597 723 3664 ei.
757 3597 821 3663 Sed
835 3610 868 3663 et
882 3597 931 3663 his
946 3598 1051 3664 omnia
1064 3597 1228 3676 contraria,
1242 3597 1276 3661 in
1291 3596 1513 3663 contemeliam
1527 3596 1596 3661 uni·

406 3707 502 3750 versae
525 3685 661 3750 nationis
686 3683 851 3786 sparsisse?
883 3709 903 3752 o
925 3697 1002 3772 quot
1023 3685 1160 3774 insignes
1182 3683 1387 3750 sanctimonia
1411 3697 1444 3749 et
1465 3682 1597 3750 scientia

406 3771 490 3836 viros
503 3771 632 3840 Iberuos
657 3772 752 3860 huJus
766 3772 880 3851 saculi,
907 3773 962 3859 qui
976 3785 1009 3838 et
1023 3795 1109 3838 suam
1131 3771 1263 3860 patriam
1277 3783 1311 3836 et
1325 3783 1448 3836 exteras
1463 3770 1596 3835 illustra·

405 3870 489 3937 runt,
517 3859 677 3926 nominare
701 3858 846 3947 poteras?
878 3883 949 3947 ego,
977 3883 1020 3925 ex
1049 3858 1202 3948 plurimis,
1224 3881 1339 3946 paitcos
1359 3857 1434 3923 istos
1455 3857 1596 3945 exempli

405 3969 506 4012 causa.
551 3946 591 4011 In
605 3945 699 4012 Italia
713 3960 784 4034 post
798 3969 868 4012 ann.
880 3946 935 4012 sal
947 3948 1011 4013 800
1022 3945 1137 4026 floruit,
1150 3945 1284 4012 Iberniae
1295 3944 1430 4023 natione,
1444 3943 1477 4011 S.
1490 3945 1596 4010 Dona·

405 4041 456 4098 tus
471 4033 575 4122 episco
598 4057 634 4098 us
649 4033 842 4112 Foesulanns,
855 4033 960 4121 (cujus
974 4033 1118 4100 meminit
1133 4033 1311 4099 Romanum
1321 4031 1481 4120 martyrol.
1497 4032 1538 4097 ad
1553 4033 1596 4096 22

406 4118 478 4185 Oct.
514 4119 546 4186 S.
561 4055 705 4186 Kndreas
730 4121 797 4208 ejus
820 4119 1001 4208 discipulus,
1027 4145 1063 4186 ac
1077 4119 1235 4209 popularis
1249 4130 1282 4184 et
1295 4118 1396 4185 socius
1418 4119 1596 4220 peregrina·

405 4205 510 4286 sionis,
525 4219 558 4272 et
571 4206 806 4274 archidiaconus
820 4207 958 4274 ecclesiae
973 4207 1155 4274 Faesulana.
1195 4205 1227 4272 S.
1237 4205 1379 4293 Brigida,
1394 4229 1495 4293 virgo,
1511 4207 1596 4270 soror'

404 4291 495 4358 Beati
511 4293 659 4359 Andrcae.
703 4295 743 4359 In
758 4295 937 4374 Germania,
955 4294 987 4360 S.
1003 4295 1166 4372 Fiutanus,
1182 4292 1237 4380 qui
1252 4315 1295 4357 ex
1309 4292 1453 4381 principe
1469 4290 1594 4378 provin·

404 4381 460 4446 ciae
476 4380 623 4468 Lageniae
638 4381 673 4445 in
686 4381 812 4447 Ibernib
825 4382 924 4448 factus
940 4394 987 4447 est
1000 4381 1181 4460 monachus,
1196 4393 1229 4445 et
1243 4379 1391 4458 inclusus,
1414 4392 1451 4442 ut
1466 4389 1588 4455 vocant,

403 4466 437 4532 in
452 4467 595 4534 coenobio
610 4467 821 4534 Peninsulano
836 4468 951 4546 Rheni,
968 4468 1053 4554 quod
1068 4467 1223 4532 Rheinaw
1238 4466 1406 4555 appellent,
1423 4465 1497 4551 (sito
1510 4464 1594 4528 inter

404 4553 620 4620 Constantiam
644 4567 677 4621 et
699 4553 914 4632 Schaffireiam,
936 4556 1028 4621 urbes
1051 4554 1242 4641 Gennaniae)
1267 4554 1323 4619 ubi
1351 4565 1420 4641 post
1449 4563 1594 4616 exactam

402 4642 511 4721 vitam
536 4641 725 4708 admirandae
746 4642 846 4730 magis
867 4643 961 4742 quam
984 4641 1128 4707 omnibus
1149 4640 1309 4706 imitandae
1330 4637 1501 4704 sanctitatis
1527 4636 1593 4724 ple·

402 4751 470 4809 nus,
485 4729 618 4810 dierum,
633 4729 825 4806 meritorum,
847 4729 1079 4806 miraculomm,
1101 4726 1249 4816 migravit
1263 4727 1297 4794 in
1311 4726 1425 4793 coelum
1440 4747 1522 4788 anno
1537 4723 1591 4788 sal.

403 4818 478 4898 827,
493 4817 533 4883 ad
548 4816 632 4884 diem
649 4817 688 4884 15
705 4815 858 4882 Novemb.
904 4815 1004 4901 anus
1019 4815 1147 4881 Fintani
1161 4838 1275 4882 nomen
1297 4812 1330 4879 in
1346 4811 1487 4902 publicas
1502 4807 1593 4877 tabu)
