3736 6054
294 755 298 762 ·
404 731 445 799 14
744 749 925 797 aronocnl
940 748 1010 796 arao
1026 745 1210 794 1111111111.
1446 727 1539 815 [car.
1556 745 1594 792 11.

402 909 551 974 subruere
566 905 768 971 fundamenta
782 902 942 991 religionis
958 903 1127 969 Catholicae
1142 915 1174 967 et
1188 901 1347 979 Romanae,
1363 912 1396 966 et
1409 911 1596 988 superstruc-

401 1007 467 1059 tam
489 993 564 1058 fidei
589 992 728 1078 ejusdem
753 1013 869 1067 veram,
895 989 1114 1067 Christianam,
1130 1002 1162 1054 et
1186 986 1386 1077 apostolicam
1411 987 1594 1063 doctrinam,

401 1091 584 1164 sanctosque
598 1079 674 1144 ritus
688 1077 811 1143 colendi
826 1075 931 1141 Deum
947 1089 979 1142 et
992 1076 1110 1142 coelites
1124 1099 1203 1151 suos,
1212 1097 1307 1160 quam
1321 1085 1356 1140 tu
1366 1073 1547 1161 imprudens
1563 1084 1596 1136 et

401 1166 532 1244 nescius,
548 1166 636 1253 (nam
651 1163 753 1250 quoad
766 1163 852 1242 licet,
867 1177 900 1228 et
913 1163 1003 1229 valeo
1018 1176 1103 1228 tuam
1119 1161 1325 1228 temeritatem
1339 1159 1481 1226 minuere
1496 1158 1595 1258 magis

303 1257 309 1266 '
402 1253 497 1339 quam
512 1275 625 1338 augere
647 1251 755 1338 cupio)
772 1251 917 1316 subruere
932 1250 1068 1328 tentasti,
1091 1249 1200 1315 erroris
1214 1261 1307 1333 atque
1321 1260 1515 1335 praeposterae
1530 1269 1595 1332 pre·

402 1339 474 1404 tatis
488 1363 521 1402 ar
566 1339 646 1404 endo
655 1338 839 1402 militantem
852 1336 886 1401 in
896 1337 985 1402 terris
994 1337 1166 1414 ecclesiam,
1179 1359 1272 1422 quam
1286 1334 1318 1400 S.
1328 1333 1499 1422 Apostolus
1513 1332 1594 1397 Pau·

402 1426 451 1490 lua
465 1449 517 1490 cre
541 1424 599 1488 'dit
613 1447 676 1490 csse
698 1425 905 1489 “columnam
922 1424 984 1492 Dei
999 1423 1065 1488 vivi
1080 1436 1113 1488 et
1126 1422 1356 1487 firmamentum
1370 1420 1523 1485 veritatis”
1537 1419 1595 1482 irn-

401 1510 535 1598 mobile3
559 1523 668 1576 nutare
690 1511 845 1589 nescium;
870 1512 979 1576 erroris
1001 1534 1131 1598 expers;
1156 1511 1280 1574 sincerae
1305 1530 1448 1593 veraequc
1470 1506 1595 1594 pietatis

402 1599 596 1686 magistram
612 1597 677 1663 salli
692 1621 831 1684 unquam
845 1598 898 1662 vel
911 1598 1018 1662 fallere
1032 1597 1232 1662 inscientem:
1255 1595 1325 1660 Deo
1340 1618 1396 1682 per
1411 1593 1515 1659 omnia
1551 1592 1594 1657 la-

401 1699 540 1762 centem;
559 1685 691 1771 judicio,
707 1685 830 1762 affectu,
846 1684 943 1764 cultu,
959 1683 1085 1762 artibus,
1108 1682 1259 1759 doctrina,
1280 1681 1476 1769 persuasione
1491 1617 1595 1745 eidem

399 1771 539 1837 maximb
563 1772 762 1838 conformem.
822 1770 979 1836 ceterum
1004 1771 1087 1849 satis,
1114 1771 1181 1855 jam
1207 1770 1318 1846 habco,
1342 1781 1375 1833 et
1399 1767 1504 1844 habet,
1533 1765 1594 1830 nisi

400 1858 500 1939 fallor,
523 1872 630 1924 cautus
645 1857 775 1945 quisque
790 1872 823 1922 et
835 1856 978 1922 cordatus
993 1857 1178 1944 scriptorum
1192 1869 1317 1920 tuorum
1333 1854 1514 1920 Catholicus
1534 1853 1595 1918 lec·

400 1958 458 2022 tor,
485 1945 563 2031 quid
586 1945 626 2010 de
640 1957 683 2024 te,
706 1946 747 2012 da
761 1944 823 2010 tuis
848 1944 946 2024 libris,
972 1944 1012 2009 de
1035 1959 1089 2008 tuo
1110 1967 1201 2009 sensu
1221 1943 1366 2008 adversus
1387 1941 1548 2006 ecclesiam
1563 1952 1595 2004 et

401 2045 520 2097 sanctos
535 2055 621 2109 sucas
644 2031 721 2116 quid
735 2031 775 2097 de
789 2031 852 2096 fide
868 2031 970 2096 tutin
985 2029 1158 2107 scribendo,
1174 2029 1251 2115 quid
1266 2029 1306 2094 de
1321 2028 1525 2093 immoderato
1539 2041 1595 2092 tuo

400 2119 563 2184 mordendi
578 2132 610 2183 et
625 2117 824 2203 obloquendi,
846 2117 1094 2203 quibuscumque
1108 2130 1163 2182 tuo
1179 2115 1305 2181 affectui
1319 2115 1449 2203 ingratis
1470 2115 1594 2192 affectu,

401 2205 529 2285 sentiat3
546 2219 582 2270 ut
591 2206 659 2292 jam
674 2204 793 2270 nemini
807 2205 917 2269 meritb
933 2205 1047 2268 mirum
1063 2204 1140 2268 adab
1155 2203 1255 2268 videri
1270 2203 1374 2279 debet,
1385 2215 1417 2266 te
1433 2201 1548 2289 stylum
1563 2213 1596 2265 et

400 2292 541 2378 linguam
555 2304 620 2356 tam
633 2291 732 2358 livore
747 2290 869 2356 saevisse
883 2290 918 2355 in
932 2289 1074 2355 miseram
1086 2290 1269 2355 Ibernorum
1284 2301 1411 2377 gentem
1422 2302 1455 2354 et
1463 2299 1594 2365 sanctos,

402 2379 457 2465 qui
473 2399 563 2443 ausus
578 2401 611 2444 es
626 2377 660 2443 in
685 2377 797 2443 caelum
812 2377 879 2442 caeli
948 2401 987 2443 ue
1004 2400 1121 2464 ponere
1136 2401 1170 2442 os
1185 2390 1286 2455 tuum,
1308 2391 1341 2441 et
1355 2373 1516 2441 ecclesiam
1532 2374 1595 2439 Dei

401 2463 547 2552 sugillare
562 2465 601 2530 de
615 2463 749 2542 inscitib,
765 2485 878 2544 errore,
892 2465 928 2528 in
952 2463 959 2476 '
994 2469 1060 2528 reth
1075 2463 1257 2540 devotione3
1274 2477 1306 2529 et
1321 2487 1338 2528 e
1353 2463 1494 2549 catalogo
1509 2485 1595 2526 sane-

402 2565 506 2616 torum
518 2551 644 2616 voluisti
659 2573 841 2638 expungere
856 2575 913 2637 pro
924 2565 978 2616 tuo
994 2549 1146 2628 arbritrio,
1162 2575 1238 2636 quos
1250 2549 1338 2615 Deus
1352 2549 1386 2614 in
1395 2547 1521 2614 Ibernih
1535 2547 1596 2612 ele-

401 2662 475 2738 gere
489 2637 549 2703 sibi
564 2637 624 2702 fuit
635 2638 788 2725 dignatus.
833 2637 881 2703 Ol
897 2639 992 2724 quam
1003 2637 1117 2703 vellem
1126 2659 1336 2725 cognosceres,
1346 2636 1492 2702 affectum
1504 2648 1594 2700 tuum

401 2724 541 2790 illumin
556 2725 739 2791 lbernorum
761 2724 929 2804 nationem,
953 2724 1007 2810 qui
1023 2749 1041 2788 a
1054 2737 1086 2789 te
1102 2723 1254 2811 expressit
1276 2722 1483 2874 blasphemias
1496 2721 1531 2786 in
1546 2745 1595 2786 ec-

398 2811 526 2878 clesiam
541 2825 679 2877 sanctam
693 2824 726 2877 et
739 2811 867 2890 coelites,
894 2835 972 2897 quos
990 2811 1078 2890 colit,
1093 2835 1157 2876 non
1172 2810 1265 2876 fuisse
1309 2833 1343 2874 ro
1357 2811 1424 2875 ectb
1441 2834 1459 2875 a
1473 2808 1593 2896 spiritu,

401 2899 453 2964 vel
467 2911 583 2977 sancto,
598 2899 650 2964 vel
665 2899 812 2976 veritatis,
829 2899 881 2964 vel
894 2899 978 2964 bono
1000 2898 1054 2963 sed
1072 2898 1198 2964 aliunde
1220 2910 1252 2962 et
1274 2834 1314 2964 ah
1340 2896 1411 2975 alio,
1435 2895 1491 2981 qui
1512 2908 1596 2960 amat

400 3009 463 3050 non
478 3009 546 3070 quae
562 2985 715 3051 Christus.
760 2985 901 3052 Christus
916 2985 1000 3051 enim
1015 2985 1088 3050 odio
1098 2985 1195 3050 habet
1205 2984 1367 3050 efferentes
1376 2984 1415 3050 de
1427 3007 1482 3047 suo
1493 3005 1594 3062 sensu,

401 3071 567 3137 sententias
582 3095 674 3158 supra
687 3085 869 3138 caeterorum
891 3072 1042 3150 omnium,
1068 3095 1160 3159 supra
1174 3070 1321 3148 ccclesiae,
1346 3085 1377 3135 et
1391 3069 1521 3157 indigne
1536 3069 1596 3134 fert

422 3159 456 3222 ui
471 3157 637 3243 quicquam
652 3157 787 3237 honoris,
806 3159 1006 3236 auctoritatis,
1029 3158 1210 3224 reverentiae
1232 3157 1368 3223 detrahit
1390 3155 1538 3222 militanti
1553 3156 1595 3221 ei-

401 3183 472 3308 dem
487 3267 549 3308 suae
566 3243 703 3308 ecclesiae
717 3245 769 3308 vel
784 3245 905 3322 sanctis,
925 3269 1001 3330 quos
1014 3245 1082 3332 ipsa
1095 3245 1129 3309 in
1144 3244 1259 3310 honore
1274 3243 1378 3309 habet.
1422 3243 1527 3308 Multb
1543 3267 1595 3308 au·

400 3343 464 3396 tem
479 3329 582 3393 minhs
598 3329 692 3417 digne
708 3330 777 3409 fert,
792 3330 847 3430 qui
863 3330 1000 3396 ecclcsiae
1016 3329 1221 3396 contumelias
1235 3330 1384 3418 irrogant,
1399 3328 1593 3418 ignorantias,

400 3416 520 3493 erroris,
532 3415 707 3481 indiscreta
721 3416 881 3504 religionis
893 3417 928 3480 in
942 3416 1081 3482 colendis
1096 3431 1243 3503 tanquam
1258 3419 1372 3482 sanctis
1387 3431 1419 3480 et
1429 3415 1594 3494 coelitibus,

401 3528 478 3588 quos
493 3502 636 3568 Christus
651 3503 789 3568 ecclesiae
804 3525 931 3590 sponsus
946 3516 978 3568 et
992 3503 1025 3566 in
1044 3505 1188 3570 omnibus
1202 3517 1302 3570 rector
1322 3517 1415 3590 atque
1437 3502 1594 3590 magister,

422 3615 457 3654 ro
482 3589 656 3655 maledictis
677 3589 773 3655 habat
794 3603 827 3655 et
845 3589 977 3655 addictis
1003 3590 1122 3654 dudum
1143 3605 1175 3656 et
1195 3593 1235 3656 ob
1260 3591 1398 3678 ipsorum
1422 3589 1594 3668 malefacta,

400 3613 527 3742 diabolo
541 3695 573 3742 et
590 3675 759 3742 inferorum
778 3675 887 3764 poenis.
938 3677 978 3742 Sc
994 3677 1211 3763 utaliquando
1226 3701 1297 3742 cum
1312 3677 1420 3742 istain
1433 3675 1595 3742 ecclesiam

403 3765 516 3829 'aetatu
531 3787 549 3828 a
564 3776 595 3828 te
611 3763 802 3829 contumelia
816 3763 935 3842 finiam,
950 3777 981 3829 te
992 3763 1112 3851 judice,
1126 3765 1195 3852 (qui
1206 3765 1250 3830 ais
1264 3762 1364 3853 ipsam
1379 3787 1479 3829 errare
1493 3763 1528 3828 in
1544 3787 1594 3829 co·

396 3790 500 3915 lendis
524 3850 638 3916 sanctis
658 3850 789 3928 Ibernis,
816 3851 987 3939 praesertim
1011 3851 1066 3937 qui
1084 3851 1222 3952 episcopi
1245 3863 1278 3917 et
1298 3850 1419 3938 praelati
1440 3849 1591 3935 fuerunt)

400 3936 495 4002 etiam
511 3935 546 4000 in
567 3935 754 4003 hodiernum
769 3961 867 4023 usque
891 3938 975 4002 diem
990 3951 1071 4003 enat
1085 3939 1215 4006 ecclesia
1230 3935 1390 4004 Romana*
1405 3961 1474 4024 qum
1490 3937 1522 4000 in
1538 3959 1594 4002 sno

401 4022 628 4111 Martyrologio
654 4047 696 4089 ex
722 4024 834 4090 sanctis
854 4024 986 4089 Iberniae
1009 4029 1149 4090 nominat
1174 4039 1206 4090 et
1225 4039 1404 4090 veneratur:
1430 4023 1594 4089 1111611-

399 4109 503 4175 nuarii
514 4109 662 4176 Sanctum
675 4111 846 4190 Fursarum,
870 4111 909 4176 de
925 4135 987 4198 quo
998 4111 1087 4176 Beda
1101 4113 1179 4177 mira
1200 4112 1303 4189 refert,
1326 4124 1359 4176 et
1380 4115 1442 4196 qula
1456 4111 1594 4198 repleve-

400 4195 442 4260 rit
456 4195 637 4284 evangelica
651 4197 870 4285 predicatione
886 4198 1054 4275 Iberniam‚
1069 4197 1232 4287 Angliam,
1248 4212 1280 4264 et
1294 4196 1441 4274 Galliam,
1456 4197 1512 4262 ubi
1527 4197 1595 4283 qui·

400 4283 477 4348 escit
497 4283 531 4347 in
552 4307 645 4383 pace;
668 4285 708 4348 ad
732 4286 771 4353 18
787 4284 929 4350 Januarii
950 4285 983 4352 S.
999 4283 1162 4352 Deicolam
1184 4285 1373 4372 discipulum
1394 4283 1593 4362 columbani,

401 4369 489 4435 verbi
505 4368 567 4435 Der
582 4369 615 4434 in
630 4369 744 4450 Gallia,
759 4372 815 4436 ubi
831 4383 863 4437 ct
877 4371 965 4450 obiit,
979 4371 1135 4458 insignem
1146 4395 1336 4460 praeconem3
1353 4384 1385 4436 et
1400 4371 1440 4436 ad
1457 4373 1496 4435 17
1513 4370 1541 4434 F
1542 4371 1594 4436 eb·

400 4456 495 4521 ruarii
512 4455 543 4522 S.
557 4454 727 4522 h'intanum
743 4456 856 4523 Scotiae
872 4459 995 4536 veteris,
1011 4458 1075 4524 sive
1091 4458 1223 4524 Iberniae
1239 4459 1401 4546 egregium
1416 4473 1448 4523 et
1462 4481 1594 4544 evange-

401 4542 498 4608 licum
512 4542 763 4630 praedicatorem
779 4544 820 4610 ad
836 4547 875 4610 17
886 4544 966 4609 Maii
982 4544 1014 4610 S.
1031 4544 1199 4612 Patritium
1215 4547 1323 4633 (quem
1335 4545 1464 4612 unicum
1478 4559 1514 4610 tu
1529 4545 1594 4610 lau·

433 4759 448 4788 1
464 4757 733 4811 Uttaeeamaliarnm
751 4757 943 4822 provinciarum
962 4756 1130 4819 particulares
1148 4757 1273 4819 ecclesias,
1295 4763 1322 4810 st
1333 4759 1480 4811 earumdem
1501 4757 1593 4808 sancti

401 4822 470 4887 logia
480 4829 571 4889 postea
581 4823 746 4891 producenda
756 4839 772 4875 a
782 4837 824 4876 me
834 4825 862 4874 iu
874 4827 1000 4888 apertum.
