3736 6054
543 1909 809 1988 BENEVOLO
844 1909 1058 1988 LECTORI
1096 1910 1129 1986 S.

243 2241 285 2306 lu
299 2241 520 2308 contumeliam
535 2242 704 2306 multorum
719 2245 792 2310 cinn
807 2257 981 2310 sanctorum
1002 2243 1139 2310 ecclesiae
1162 2241 1382 2330 triumphantis
1405 2255 1437 2306 et

241 2328 413 2406 militantis,
435 2341 503 2394 tum
525 2327 715 2394 diversarum
738 2330 873 2418 Europae
902 2330 1143 2419 provinciarum,
1166 2354 1375 2418 personarum,
1400 2354 1436 2394 ac

242 2415 438 2502 potissimirm
453 2415 548 2480 totius
563 2415 748 2480 Ibernorum
763 2417 906 2495 nationis,
922 2417 998 2482 olim
1014 2431 1086 2482 ante
1102 2419 1167 2482 400
1181 2417 1307 2482 circiter
1329 2440 1436 2494 annos,

240 2502 346 2602 plures
360 2525 430 2568 suos
444 2501 538 2568 libros
552 2502 672 2588 sparsit,
685 2502 813 2588 quidam
828 2505 913 2591 apud
927 2504 1041 2569 multos
1055 2517 1165 2569 nostrae
1181 2503 1278 2569 aetatis
1294 2502 1437 2568 homines

242 2588 399 2654 immeritb
428 2589 463 2653 in
491 2589 591 2676 pretio
617 2589 743 2655 habitus
771 2589 920 2656 Silvester
945 2589 1111 2679 Gyraldus.
1169 2589 1235 2670 Qui
1259 2590 1344 2676 quod
1368 2589 1437 2676 ipse

243 2674 439 2752 lamentatur,
455 2674 600 2742 omnibus
614 2676 678 2742 fere
694 2689 758 2741 tam
780 2676 843 2742 suis
865 2691 897 2742 et
919 2677 1028 2743 alienis
1049 2677 1116 2742 sive
1138 2676 1220 2742 notis
1240 2676 1305 2742 sive
1321 2675 1438 2763 ignotis

242 2760 361 2862 ubique
376 2761 454 2827 adeo
467 2762 529 2828 fnit
550 2785 674 2841 exosus,
696 2777 732 2828 ut
753 2787 856 2849 neque
877 2764 1056 2830 convictum
1078 2763 1225 2842 hominis,
1247 2763 1436 2851 professione

243 2849 354 2927 crisci,
369 2861 495 2948 propter
509 2872 609 2914 mores
630 2849 734 2914 minirs
760 2851 915 2916 modestos
937 2865 969 2915 et
990 2851 1107 2937 linguar
1129 2849 1302 2934 calamique
1324 2849 1436 2913 intem·

243 2934 364 3022 perlem
385 2936 475 3000 t'aorle
496 2935 578 3002 serre
600 2948 754 3024 poterant,
777 2960 879 3023 neque
902 2937 988 3002 varia
1030 2961 1078 3001 uae
1101 2935 1269 3002 disserebat
1290 2935 1437 3000 derebus

244 3021 337 3086 variis
346 3022 469 3110 scripta,
476 3021 590 3110 passim
599 3023 747 3088 scatentia
755 3023 848 3110 nugis
856 3019 1000 3102 Milesiis,
1008 2961 1121 3088 labulis
1131 3021 1437 3109 maximis,plurimis

244 3107 524 3196 superstitionibus,
550 3133 614 3174 non
639 3108 888 3195 infrequentibus
913 3109 947 3175 in
965 3109 1084 3174 colias
1100 3108 1310 3196 blasphemiis,
1327 3109 1437 3175 crobrrl

243 3195 547 3274 commemoratione,
557 3209 625 3260 tum
636 3219 760 3262 suarum
775 3195 914 3276 laudum,
930 3208 963 3261 et
972 3195 1140 3275 visionum,
1149 3208 1217 3261 tum
1226 3218 1289 3260 suae
1298 3194 1435 3271 familiae,

243 3282 348 3370 patris,
370 3306 510 3360 avorum,
548 3295 715 3361 atruorum,
731 3283 882 3361 affinium,
905 3297 1117 3371 cognatorum,
1140 3282 1320 3359 amicorum,
1342 3305 1436 3369 pane·

243 3369 349 3456 gerion
369 3305 650 3448 commendatione,
665 3369 895 3435 adulationibus
910 3393 984 3459 erga
998 3369 1153 3457 principes
1168 3369 1319 3445 viventes,
1332 3368 1436 3433 crimi-

243 3454 432 3534 nationibus,
443 3455 606 3555 vituperiis
617 3479 691 3542 erga
701 3455 826 3522 eosdem
837 3457 903 3521 vita
914 3457 1044 3534 functos,
1057 3455 1260 3522 acerbissimis
1269 3456 1436 3520 verbomm

244 3541 370 3621 aculeis,
385 3542 536 3609 convioirs
550 3556 583 3608 et
596 3543 796 3609 mordacitate
810 3543 844 3607 in
859 3567 1082 3630 quoscumque,
1095 3543 1146 3608 vel
1160 3541 1221 3630 ipsi
1236 3541 1288 3606 vel
1302 3541 1360 3605 ulli
1372 3541 1437 3606 bel·

244 3627 376 3694 lantium
391 3628 536 3694 adversus
549 3629 707 3694 Iberniam
728 3643 930 3717 cognatorum
952 3653 1077 3696 suorum
1092 3629 1235 3708 infensos,
1250 3641 1305 3693 aut
1318 3628 1436 3694 eisdem

243 3729 319 3791 arte,
335 3716 437 3795 annis,
452 3715 592 3795 consilio,
607 3716 732 3804 script0,
747 3717 843 3781 verbo
859 3717 1000 3782 resistere
1015 3741 1112 3781 ausos.
1158 3715 1210 3780 Ob
1233 3737 1309 3801 quas
1330 3737 1437 3780 causas

243 3801 382 3954 aliasqpp
396 3827 459 3868 non
473 3826 597 3890 paucas,
607 3803 776 3890 prasertim
792 3815 919 3890 propter
932 3802 1094 3868 manifesta
1108 3802 1142 3867 in
1155 3802 1248 3867 rebus
1258 3825 1322 3866 non
1332 3802 1437 3890 parvis

242 3912 318 3954 men
377 3889 417 3968 ia,
433 3903 558 3978 satyras,
574 3906 606 3954 et
643 3889 732 3954 assim
747 3891 782 3954 in
796 3889 906 3954 eodem
924 3889 1073 3956 Silvestro
1087 3887 1197 3954 obvios
1218 3889 1322 3975 lapsus
1343 3887 1437 3953 histo-

241 3975 325 4040 ricos
346 3975 428 4042 circa
449 3914 666 4042 memorabilia
680 3989 848 4064 gestatum
863 3976 1000 4063 publica,
1018 3989 1084 4040 tum
1099 3975 1220 4063 privata
1230 3974 1279 4040 sui
1289 3974 1437 4062 temporis

242 4077 277 4128 et
290 4062 466 4130 seculorum
481 4062 680 4140 anteriorum,
692 4087 755 4128 non
770 4077 892 4128 tantum
906 4087 963 4151 pro
975 4062 1104 4140 meritis,
1117 4077 1181 4128 tam
1202 4073 1384 4148 contemptu
1406 4077 1439 4126 et

242 4149 460 4236 indignatione
482 4173 500 4214 a
521 4149 688 4238 plerisque,
710 4150 787 4214 dum
809 4149 875 4238 ipse
898 4149 1001 4214 adhuc
1023 4149 1154 4227 viveret,
1169 4147 1355 4236 legebantur
1369 4147 1438 4234 ejus

242 4235 327 4302 libri.
373 4235 516 4316 Quorum
531 4249 564 4300 et
578 4248 684 4301 auctor
698 4251 862 4324 propterea
883 4237 995 4324 saepibs
1016 4259 1120 4302 coram
1142 4248 1175 4300 et
1195 4233 1316 4322 scriptis
1337 4233 1439 4300 firerat

243 4322 394 4389 acerrime
411 4347 429 4387 a
443 4322 549 4387 multis
563 4323 610 4388 sui
626 4321 686 4387 aevi
700 4323 904 4423 reprehensus
920 4337 1012 4411 atque
1027 4335 1161 4400 notatus,
1173 4335 1210 4386 ut
1219 4321 1286 4410 ipse
1298 4320 1439 4388 dolenter

243 4424 279 4476 et
291 4409 401 4476 crebro
415 4409 629 4495 conqueritur:
651 4423 685 4474 et
698 4409 836 4476 urcissim
851 4423 979 4474 conatur
1000 4407 1086 4473 varia
1100 4408 1355 4560 persecutoribus
1376 4408 1440 4474 suis

241 4496 425 4584 rependere,
441 4496 719 4582 excusationesque
733 4496 806 4562 satis
827 4496 952 4562 frivolas
973 4495 1007 4562 in
1029 4495 1077 4561 sui
1122 4495 1310 4561 elensionem
1332 4495 1440 4562 obten-

176 4605 186 4624 ·
242 4585 328 4650 dere.
374 4583 438 4650 Sed
459 4598 529 4670 post
549 4583 645 4670 ipsius
665 4597 808 4663 mortem,
829 4582 975 4671 deinceps
993 4607 1052 4684 per
1073 4582 1163 4670 plura
1177 4581 1291 4662 secula,
1306 4595 1439 4662 mortua,

244 4685 340 4756 atque
355 4669 389 4734 in
404 4669 569 4757 sepulchro
584 4668 750 4735 oblivionis
772 4669 911 4736 omnium
935 4683 1083 4770 propecta,
1106 4670 1174 4756 ejus
1195 4693 1326 4758 opernm
1342 4669 1440 4756 scrip

243 4772 359 4834 torum,
382 4780 452 4842 quae
466 4755 566 4820 multa
578 4755 711 4836 fuerant,
728 4757 855 4842 jacebat
869 4755 1259 4832 memona,donecnost1is
1274 4755 1384 4821 diebus
1398 4779 1441 4818 ex

286 4842 446 4930 pularibus
470 4841 623 4920 Silvestri,
652 4845 790 4910 «loannes
810 4843 977 4922 Lelandus,
1004 4842 1198 4908 Humfredus
1223 4841 1387 4920 Levidius,
1409 4855 1442 4906 et

243 4867 382 4996 dianam
393 4929 525 5009 Balteus,
537 4927 638 5018 Angli
650 4930 780 4998 heretici
791 4930 895 5020 primi,
907 4932 992 5018 quod
1005 4930 1101 4996 sciam
1116 4953 1133 4995 e
1148 4928 1273 4998 latebris
1288 4926 1322 4992 in
1336 4928 1440 4997 lucem

1160 5035 1182 5078 u
