3736 6054
265 831 343 880 cnr.
359 812 411 902 11.]
610 829 791 881 rrouocrn
805 831 876 879 rao
892 830 1077 880 ursanum.
1410 809 1451 877 13

265 979 554 1074 Martyrologio'est
567 986 711 1074 copiosus
725 1009 882 1066 numerus,
897 1002 934 1054 ut
948 985 1064 1072 dicam)
1076 984 1240 1064 habentur,
1250 996 1283 1056 et
1293 985 1333 1050 sb
1343 983 1455 1050 incolis

264 1087 412 1158 tanquam
427 1072 536 1152 sancti,
553 1084 617 1138 tam
632 1073 746 1142 devote
760 1074 906 1140 coluntur
920 1087 952 1140 et
971 1073 1188 1150 venerantum*
1212 1071 1296 1137 unde
1311 1083 1344 1136 et
1357 1093 1457 1136 unum

264 1159 398 1225 duorum
412 1173 458 1226 est
470 1158 652 1226 inevitabile
672 1184 735 1226 non
750 1161 870 1240 evitari,
892 1173 940 1226 tot
953 1158 1037 1225 enim
1054 1161 1093 1225 ab
1114 1157 1335 1256 hagiographis
1347 1156 1458 1223 nostris

264 1259 327 1311 tarn
342 1245 424 1312 circu
438 1246 598 1334 pastoralis
611 1247 707 1312 officii
722 1247 837 1326 debita,
859 1249 954 1336 quam
975 1246 1104 1312 aliarum
1124 1244 1334 1332 querumhbct
1354 1265 1459 1310 rernm

263 1332 509 1410 instructionem,
531 1332 631 1399 multe
652 1335 691 1398 ad
712 1347 860 1400 terrorem
882 1347 1003 1400 constat
1023 1357 1086 1399 esse
1110 1332 1236 1410 emissa;
1259 1343 1291 1398 et
1312 1330 1459 1417 quoniam

264 1419 476 1485 misericordia
491 1419 622 1486 Domini
647 1421 741 1508 plena
754 1435 801 1487 est
814 1433 905 1501 terra,
928 1419 1027 1509 magis
1049 1421 1235 1508 sperandum
1256 1441 1321 1484 esse
1343 1417 1384 1483 de
1397 1416 1459 1484 ole-

265 1504 383 1572 mentia
417 1508 492 1571 ubm
507 1506 683 1573 timendum
697 1508 737 1574 de
752 1507 885 1595 justitie,
909 1521 963 1573 aut
987 1507 1090 1595 potius
1115 1505 1245 1572 ecclesia
1265 1504 1402 1570 militans
1424 1503 1460 1568 in

264 1592 372 1658 multis
392 1531 556 1681 ‹iecipitun
578 1593 773 1682 triumphans
787 1597 861 1660 verb
883 1619 948 1660 non
969 1593 1125 1672 irridetur,
1147 1593 1231 1658 unde
1247 1605 1279 1657 et
1293 1590 1460 1657 nonnullos

286 1703 343 1745 uos
357 1679 469 1769 recipit
483 1680 561 1760 lraee,
582 1680 715 1769 despicit
728 1681 792 1760 illa,
816 1705 894 1767 quos
907 1681 1057 1769 praedicat
1069 1681 1147 1758 haec,
1171 1680 1294 1746 abdicat
1307 1678 1371 1756 ills,
1395 1690 1428 1744 et
1442 1701 1461 1742 e

265 1705 399 1832 liverso.
443 1766 503 1832 Illa
527 1790 652 1853 quoque
675 1767 757 1834 inter
780 1768 894 1834 electos
907 1792 972 1832 non
996 1766 1152 1833 immeritb
1178 1766 1292 1832 multos
1317 1764 1459 1843 honorat,

266 1876 344 1939 quos
357 1852 417 1919 ista
430 1866 537 1919 tamen
551 1877 673 1942 prorsus
687 1855 818 1943 ignorat.
863 1854 1000 1935 Quidam
1015 1853 1112 1920 animi
1126 1855 1210 1918 intus
1224 1877 1287 1919 esse
1301 1852 1459 1929 videntur,

265 1939 322 2025 qui
336 1939 415 2004 foras
429 1939 610 2020 missisunt,
625 1953 658 2006 et
672 1941 799 2027 quidam
814 1941 893 2008 foras
907 1941 1002 2019 missi,
1022 1941 1077 2027 qui
1092 1954 1196 2006 tamen
1209 1939 1294 2004 intus
1308 1938 1460 2015 existunt,

288 2025 341 2091 uia
364 2027 548 2113 plerumque
595 2028 659 2092 uod
677 2028 775 2093 altum
801 2040 846 2094 est
868 2027 1058 2106 hominibus,
1081 2026 1288 2094 abominabile
1307 2038 1354 2091 est
1377 2024 1461 2113 apud

266 2051 413 2189 ileuml‘l
457 2051 651 2202 Nempeboo
666 2139 764 2180 unum
779 2116 922 2196 restabat,
950 2115 1100 2202 Gymlde,
1123 2127 1156 2179 et
1170 2112 1232 2179 huc
1246 2125 1312 2178 tota
1325 2125 1381 2178 tua
1394 2125 1461 2176 tan·

266 2199 339 2266 dem
354 2199 532 2266 collimabat
553 2201 698 2268 adversus
718 2215 844 2289 gentem
859 2214 1041 2288 sanctosque
1055 2201 1190 2266 Iberniae
1212 2201 1338 2266 dentata
1352 2198 1460 2277 oratio,

266 2299 303 2351 ut
316 2285 467 2352 videreris
481 2287 609 2374 reliquis
624 2287 810 2354 Christianis
825 2288 962 2355 ecclesius
976 2288 1047 2376 plus
1067 2311 1172 2378 sapere
1194 2300 1227 2352 et
1247 2287 1335 2366 scire,
1356 2299 1389 2351 et
1403 2285 1461 2350 dis·

266 2374 349 2439 crete
375 2373 487 2452 colere,
513 2386 546 2439 et
571 2374 724 2444 abstinere
747 2377 786 2441 ab
811 2375 978 2441 indiscreto
1002 2375 1089 2441 cultu
1112 2388 1289 2441 sanctorum
1312 2372 1461 2461 plurium,

266 2483 344 2546 quos
368 2461 547 2548 ignoranter
571 2475 737 2528 veneratur
757 2461 875 2528 Christi
900 2461 1038 2528 militans
1062 2462 1097 2530 in
1118 2462 1206 2527 terris
1225 2461 1366 2539 ecclesis,
1392 2483 1462 2545 quae

266 2559 359 2625 amat,
397 2547 533 2627 raedicst,
548 2561 715 2614 veneratur
728 2561 765 2614 ut
778 2562 908 2629 sanctos,
924 2573 1000 2636 quos
1014 2549 1049 2614 in
1064 2549 1150 2615 coelis
1165 2548 1262 2628 Deus,
1285 2561 1317 2613 et
1331 2545 1463 2613 ecclesia

266 2571 473 2734 triumplrsns,
485 2635 540 2700 sed
549 2648 583 2700 tu
597 2635 663 2722 (cui
675 2636 803 2702 consilia
814 2635 877 2702 Dei
887 2650 920 2702 et
930 2635 1097 2702 caelestium
1113 2635 1351 2723 quibuscunque
1367 2632 1461 2698 collo-

266 2732 356 2786 cutus
369 2720 537 2786 mtcrliristi
551 2735 626 2787 note
640 2726 727 2810 sunt)
743 2722 905 2801 damnatis,
921 2723 1080 2802 abdicetis,
1102 2721 1294 2789 execramini
1315 2735 1464 2805 tunquam

267 2806 339 2872 Deo
354 2820 591 2894 sanctorumque
606 2810 674 2897 ejus
689 2810 843 2875 consortio
856 2809 1011 2898 indignos,
1037 2825 1071 2876 et
1089 2809 1169 2874 foras
1184 2808 1300 2886 missos,
1323 2807 1358 2871 in
1371 2805 1464 2870 infer·

266 2917 342 2958 num
357 2917 430 2959 oum
444 2894 569 2960 diabolo
592 2896 739 2962 detrusos.
783 2895 877 2962 Errat
898 2897 1037 2975 eeclesia,
1060 2910 1094 2961 tu
1109 2920 1172 2962 non
1187 2917 1278 2973 erras,
1295 2895 1329 2977 (o
1345 2915 1430 2958 error
1439 2891 1462 2977 l)

265 3004 368 3067 neque
385 2981 508 3068 judicio
530 2995 584 3048 aut
606 2983 720 3048 affectu
741 3006 774 3048 es
788 3007 861 3071 erga
882 2996 1002 3064 sanctos
1015 2983 1175 3070 quosdam,
1197 3005 1260 3067 quo
1275 2991 1348 3045 sunt
1361 2977 1465 3045 caeteri

266 3067 439 3132 bominum.
494 3068 606 3168 Neque
620 3070 699 3135 sicut
713 3069 874 3156 publicani
890 3073 941 3159 (ut
955 3069 1013 3136 tibi
1028 3072 1114 3156 sunt)
1131 3067 1247 3147 Ibemi,
1270 3066 1324 3154 qui
1340 3063 1465 3152 alonge

266 3153 361 3242 positi
375 3153 410 3218 in
424 3167 573 3221 extremis
588 3169 676 3221 terrae
691 3155 814 3236 finibus,
831 3180 894 3223 non
909 3156 976 3222 ausi
991 3169 1064 3221 sunt
1077 3156 1182 3221 levare
1197 3154 1309 3220 faciem
1324 3177 1410 3219 suam
1425 3151 1465 3216 ad

265 3241 387 3320 caelum,
403 3253 458 3306 aut
472 3241 512 3306 ad
526 3242 612 3308 aliud
626 3242 701 3308 boni
716 3243 894 3342 quicquam,
911 3244 965 3308 sed
979 3243 1019 3309 ad
1034 3255 1175 3308 extrema
1189 3265 1313 3330 semper
1323 3239 1466 3306 facienda

267 3327 387 3415 flagitia
401 3352 420 3392 a
433 3328 543 3394 diebus
571 3329 603 3396 S.
619 3328 744 3394 Patritri
769 3354 867 3416 usquc
890 3331 931 3394 ad
952 3343 1031 3408 tuos,
1053 3330 1148 3395 idest
1169 3353 1226 3417 per
1244 3327 1382 3416 spatium
1401 3328 1465 3391 700

266 3414 390 3480 circiter
404 3438 564 3480 annorum.
610 3417 654 3480 Et
668 3416 783 3504 gratiss
798 3417 863 3504 agis
879 3416 950 3482 Deo
965 3417 1050 3502 qubd
1064 3439 1129 3481 non
1143 3416 1184 3482 sis
1199 3419 1236 3481 ela
1250 3415 1363 3480 mentis
1377 3415 1467 3503 igno·

266 3501 367 3566 rantib
381 3515 413 3566 et
434 3515 621 3590 praepostero
644 3503 678 3567 in
692 3527 728 3568 su
773 3503 902 3569 osititios
917 3517 1037 3570 sanctos
1059 3502 1234 3569 devotionis
1255 3502 1380 3581 affectu,
1402 3526 1466 3588 quo

266 3587 405 3654 militans
423 3587 458 3652 in
471 3589 559 3654 terris
573 3588 704 3655 ecclesia
797 3590 904 3656 suana.
960 3589 1141 3656 Etinterim
1156 3589 1244 3678 cupis
1258 3589 1420 3655 credamus
1434 3601 1465 3654 te

266 3673 326 3740 isla
340 3674 478 3753 sensisse,
490 3675 617 3754 dixisse,
627 3676 791 3765 scripsisse,
806 3691 921 3756 mente,
932 3677 1066 3763 judicio,
1082 3677 1205 3755 affectu,
1221 3676 1328 3754 verbo,
1348 3675 1467 3741 calamo

267 3761 348 3828 bene
362 3774 395 3827 et
405 3763 478 3827 verb
491 3761 680 3842 Christiano,
694 3763 868 3843 Catholioo,
881 3763 1115 3852 circumspecto,
1126 3761 1283 3830 reverenti
1294 3762 1328 3826 in
1336 3775 1467 3828 matrem

267 3861 353 3912 tuum
368 3848 539 3928 ecclesiam,
561 3849 616 3938 pio
629 3849 664 3915 in
687 3849 757 3916 illos
777 3874 855 3936 quos
867 3849 935 3938 ipsa
955 3863 1142 3927 reverenter,
1164 3849 1278 3950 pieque
1294 3862 1326 3914 et
1339 3848 1469 3937 publico

267 3934 355 4000 cultu
364 3934 457 4000 Divis
469 3935 542 4015 Dei,
552 3959 587 4001 ac
602 3936 698 4001 trium
720 3937 824 4003 hantis
837 3937 924 4003 urbis
933 3936 1090 4026 indigenis
1101 3937 1217 4014 deb1t0,
1229 3936 1364 4087 supplex
1374 3959 1467 4001 vene·

266 4034 368 4099 ratur;
383 4045 486 4108 neque
501 4022 560 4088 tibi
575 4024 672 4090 saneti
721 4023 848 4104 sinunt,
872 4024 927 4110 qui
941 4024 1048 4090 Iberni
1063 4024 1198 4102 fuerunt,
1222 4047 1265 4108 qu
1325 4047 1367 4088 ex
1383 4023 1468 4088 lber-

265 4107 319 4174 nib
344 4109 480 4187 luerunt,
507 4110 629 4195 quasia
650 4109 807 4176 Nazareth
828 4111 996 4197 quicquam
1022 4111 1098 4177 boni
1121 4109 1246 4197 prodire
1269 4133 1335 4174 non
1382 4107 1469 4188 ossit,

265 4218 368 4281 neque
393 4194 460 4260 lilia
481 4195 546 4262 ulla
566 4210 731 4263 nascantur
751 4197 833 4264 inter
854 4197 974 4286 spinas3
996 4221 1098 4284 neque
1113 4197 1147 4261 in
1162 4196 1235 4262 ullis
1249 4207 1338 4262 terrae
1397 4195 1469 4262 ibus

265 4295 321 4348 aut
335 4281 469 4370 cunculis,
491 4284 543 4349 vel
557 4283 717 4350 montibus
735 4285 851 4373 asperis
865 4285 945 4350 ullos
959 4284 1131 4384 reposuerit
1147 4283 1234 4349 Deus
1247 4307 1387 4369 unquam
1401 4283 1470 4349 the·

266 4391 372 4434 sauros
386 4393 468 4448 suos,
484 4382 538 4436 aut
552 4395 638 4437 caros
653 4372 714 4437 sibi
728 4371 869 4437 famulos.
913 4371 1027 4437 Neso1o
1037 4371 1148 4437 anduo
1163 4371 1222 4448 illi,
1238 4369 1345 4436 odium
1358 4369 1422 4435 Dei
1438 4381 1470 4436 et

267 4456 422 4521 bonorum
437 4456 587 4536 omnium,
603 4457 659 4545 qui
673 4457 813 4524 flammas
828 4459 1028 4545 subjecerunt
1049 4457 1158 4524 domui
1173 4457 1247 4537 Dei,
1264 4457 1423 4524 Lutberus
1438 4470 1470 4522 et

268 4541 430 4621 Calvinus,
440 4542 575 4631 legerint
584 4556 638 4611 tua
647 4544 770 4633 scripta,
780 4545 936 4634 Gyralde3
951 4545 1012 4612 hoo
1027 4545 1101 4625 scio,
1110 4545 1181 4611 illos
1196 4543 1283 4610 nullo
1293 4545 1422 4623 fortiori,
1433 4557 1471 4608 ιιι

267 4629 343 4718 ipsis
357 4629 533 4711 videbatur,
557 4631 664 4712 ariete,
686 4656 789 4721 neque
811 4633 1031 4721 compendiose
1045 4633 1099 4698 vit
1113 4632 1248 4699 voluisse
1269 4655 1334 4698 uno
1348 4631 1470 4720 impetu

300 4783 315 4811 ³
332 4783 461 4834 rutrum
482 4789 510 4835 te
527 4783 588 4834 autb
607 4784 701 4836 dixisse
720 4785 765 4835 vix
783 4786 922 4848 vestigium
942 4786 1085 4838 devotionis
1104 4791 1151 4837 aut
1170 4785 1323 4840 curuum
1338 4781 1471 4848 religion'u

265 4849 421 4900 remansisse
431 4849 459 4899 in
469 4849 586 4912 ajrrsdem
600 4850 699 4910 incolis,
713 4866 729 4900 a
740 4851 830 4905 diebu
842 4851 868 4906 S.
881 4851 986 4906 Patritii
997 4853 1030 4905 ad
1040 4866 1123 4917 usque
1133 4857 1201 4904 tuos.

302 4911 316 4976 †
334 4911 431 4978 Topog.
443 4915 584 4968 muniet
597 4915 621 4975 3,
635 4930 689 4980 cap.
702 4916 743 4965 sl.
