3736 6054
279 781 355 830 our.
372 762 435 850 rv.]
628 777 808 826 ironeam
831 778 902 825 eno
925 777 1111 824 ursanum.

789 1661 888 1726 OAP.
912 1661 973 1726 lv.

280 1877 422 1932 Relutetur
433 1877 565 1930 calumnia
575 1877 740 1930 cambrensis
752 1877 845 1928 aientis
855 1876 957 1928 nullum
969 1891 1085 1940 unquam
1097 1890 1113 1926 a
1124 1876 1215 1927 diebus
1232 1875 1262 1926 Β.
1273 1876 1378 1928 Patritil
1396 1875 1478 1940 (rnor-

313 1945 353 1995 tui
364 1945 433 1994 circa
443 1959 541 1993 annum
553 1943 644 1993 salutis
654 1943 716 2006 49³)
728 1942 807 1992 fnisse
819 1943 846 1992 in
855 1941 957 1992 ibernia
968 1943 1065 1992 bonum
1073 1944 1221 2006 episcopum
1231 1947 1277 1992 aut
1284 1942 1420 2005 praelatum
1432 1943 1478 2005 qui

311 2010 494 2076 praedicatione
503 2009 634 2070 evangelii
641 2014 688 2057 aut
698 2008 775 2058 aliter
785 2008 916 2058 curaverit
926 2007 1055 2070 corrigere
1073 2012 1092 2036 ‘⁸
1102 2007 1247 2064 bestiales,”
1265 2014 1296 2057 ut
1306 2007 1350 2057 ille
1363 2008 1479 2070 loquitur

316 2081 335 2104 ¹·
342 2089 427 2124 morer
437 2079 464 2124 et
475 2074 572 2124 realem
581 2074 705 2124 contiuua
715 2074 800 2134 genus
811 2073 928 2127 omnium
937 2073 1055 2136 monum
1066 2085 1167 2136 semper
1177 2071 1361 2132 incultissima,
1371 2072 1400 2122 in
1408 2073 1479 2124 rudi·

313 2141 408 2192 mentis
420 2139 572 2191 Christian
583 2137 644 2188 fldei
654 2143 682 2188 et
692 2138 859 2188 honestatis.”

283 2329 340 2394 Ex
362 2341 495 2415 quatuor
517 2315 701 2416 capitalibus
725 2327 890 2393 calumniis
916 2326 1050 2416 Gyreldi
1074 2327 1109 2393 in
1135 2327 1276 2404 Ibernos,
1307 2351 1383 2413 quas
1409 2341 1482 2392 ante

282 2415 502 2494 recensuimus,
518 2416 594 2480 duas
609 2415 648 2480 de
662 2414 864 2502 blasphemiis
887 2416 938 2502 (ut
959 2415 1099 2500 videtur)
1121 2414 1157 2479 in
1178 2413 1341 2480 ecclesiam
1364 2413 1427 2479 Dei
1449 2427 1483 2480 et

282 2517 403 2570 sanctos
417 2503 485 2589 ejus
515 2501 701 2568 confessores
716 2527 752 2567 ao
767 2515 919 2590 martyres
933 2502 1108 2602 rejecimus,
1130 2515 1226 2566 restat
1247 2501 1388 2567 refellere
1410 2501 1481 2567 reli-

283 2614 360 2676 quas
374 2591 460 2667 duas,
477 2613 608 2674 quarum
623 2611 728 2667 unam,
744 2613 813 2688 quae
829 2589 1028 2655 mendacrum
1041 2589 1164 2677 insigne
1180 2601 1237 2667 est,
1252 2611 1370 2676 negans
1384 2590 1483 2654 bonos

283 2677 364 2742 ullos
373 2675 468 2742 fuisse
478 2701 497 2740 a
505 2687 644 2764 tempore
656 2675 782 2741 Patritri
791 2675 825 2740 in
836 2675 962 2741 Ibernid
973 2675 1124 2829 praelatos,
1136 2674 1192 2740 scd
1202 2685 1220 2714 “
1232 2699 1339 2740 omnes
1350 2675 1482 2753 desides,

283 2763 332 2829 sui
347 2762 443 2829 officii
458 2775 490 2828 et
510 2762 615 2850 gregis
635 2762 856 2850 negligentes,”
876 2762 978 2850 impro
1002 2762 1117 2828 abilem
1139 2775 1171 2827 et
1190 2761 1368 2848 imperitam
1390 2785 1484 2827 asser-

283 2850 403 2916 tionem
431 2873 497 2916 esse
525 2849 735 2938 probabimus,
765 2850 826 2915 hoc
855 2848 923 2914 loeo
949 2873 993 2914 ex
1016 2848 1079 2915 fide
1101 2848 1266 2914 meliorum
1291 2849 1427 2936 Europae
1450 2861 1484 2913 et

283 2937 423 3004 ecolesiae
445 2935 630 3002 Christiana
652 2936 794 3013 testium
817 2959 890 3000 nam
911 2951 1098 3023 postremam
1115 2935 1302 3000 calumniam
1318 2937 1358 3000 de
1384 2935 1481 3002 “bea-

284 3023 425 3090 tialibue”
439 3037 472 3089 et
484 3023 644 3123 perpetuis
658 3022 760 3110 gentis
775 3022 960 3101 sceleribus;
983 3033 1002 3061 “
1013 3022 1161 3100 moribus,
1176 3022 1312 3088 ruditate
1335 3022 1370 3086 in
1392 3024 1485 3088 rebus

284 3109 359 3177 fidei
376 3109 587 3186 Christianae,”
602 3109 744 3196 sequenti
759 3109 861 3198 capite
876 3110 1048 3187 ostendam,
1071 3108 1157 3174 aliud
1178 3133 1242 3173 non
1257 3132 1321 3174 esse
1336 3109 1396 3174 nisi
1412 3133 1484 3175 con·

285 3197 448 3262 tumeliam
472 3197 622 3264 infamem
638 3221 680 3262 ex
704 3221 756 3262 ore
782 3197 933 3262 mendace
958 3210 991 3262 et
1015 3209 1120 3262 mente
1135 3197 1282 3262 adversus
1297 3196 1483 3262 Ibernorum

285 3309 401 3350 nomen
427 3283 534 3350 hostili
560 3285 739 3372 profectam.
784 3283 848 3350 Dio
869 3283 959 3362 mihi,
991 3283 1199 3362 (lambrensis,
1229 3307 1293 3362 oro,
1324 3281 1382 3348 tibi
1412 3307 1483 3369 quae

285 3371 380 3436 suerit
403 3394 501 3449 mens,
516 3373 590 3436 clun
610 3395 678 3459 cap.
704 3373 745 3437 28
772 3385 804 3436 et
827 3373 880 3449 29,
896 3370 1095 3437 distinctione
1122 3371 1153 3449 3,
1175 3383 1238 3436 tuae
1253 3369 1485 3458 Topographiae

286 3458 421 3536 dicebas,
436 3468 486 3524 “a
501 3471 640 3545 tempore
656 3457 791 3536 Patritii,
800 3482 857 3558 per
869 3471 916 3523 tot
930 3481 1082 3523 annorum
1097 3457 1251 3542 curricula
1267 3459 1346 3540 (700
1361 3456 1486 3522 circiter

286 3546 453 3631 annorum)
470 3569 534 3610 non
548 3545 640 3612 suisse
655 3545 690 3610 in
704 3545 831 3610 Ibermal
846 3546 1019 3633 praelatum,
1043 3546 1099 3631 qui
1120 3558 1271 3630 tanquam
1293 3545 1402 3610 tubam
1425 3568 1483 3608 ex·

286 3631 392 3698 altdrit
405 3656 526 3711 vocem,
543 3645 631 3698 etex
647 3633 776 3697 adverso
792 3633 979 3710 ascenderet,
996 3645 1029 3697 et
1048 3655 1173 3696 munim
1194 3655 1253 3719 pro
1274 3630 1367 3697 domo
1390 3629 1487 3696 Israel

286 3742 320 3786 se
335 3731 516 3817 opponeret,
532 3732 565 3783 et
578 3717 792 3807 praedioationi
808 3733 841 3784 et
861 3718 1069 3798 instructioni,
1092 3717 1298 3806 increpationi
1313 3731 1345 3783 et
1364 3741 1486 3806 eorrep-

287 3806 365 3874 tiont
380 3829 437 3893 pro
452 3805 548 3872 officii
563 3806 670 3872 debito
684 3805 821 3884 instaret,
836 3820 869 3871 et
883 3819 1077 3894 praenotatas,
1091 3805 1207 3891 inquis,
1230 3805 1333 3892 gentis
1354 3805 1487 3870 enormi·

288 3905 366 3958 tates
380 3891 575 3980 aliquatenus
590 3892 771 3992 extirparet,
788 3893 905 3979 alioqui
920 3893 1031 3994 procul
1046 3891 1144 3958 dubio
1155 3891 1244 3957 ineis
1257 3891 1409 3978 (Ibernis)
1426 3892 1486 3958 for·

287 4003 372 4044 mam
381 3979 518 4065 aliquam
530 3979 700 4046 honestatis
712 3993 745 4045 et
754 3979 916 4079 religionis
925 3979 1138 4068 rmpressisset.
1163 3978 1303 4046 sednon
1314 3979 1374 4044 fuit
1385 3979 1419 4044 in
1431 3979 1485 4054 eis,

289 4066 343 4152 qui
358 4089 458 4152 usque
473 4064 512 4131 ad
527 4066 671 4146 exilium,
695 4091 758 4131 non
780 4067 841 4140 fu1t
861 4091 960 4152 usque
982 4067 1022 4131 ad
1046 4090 1152 4144 unum,
1176 4065 1281 4151 quiin
1318 4065 1413 4154 opulo
1428 4065 1487 4131 sibi

288 4153 452 4218 commisso
475 4153 526 4219 vel
550 4153 724 4241 extirparet
746 4153 834 4232 vitia,
859 4154 910 4220 vel
934 4153 1066 4220 virtutes
1091 4153 1248 4240 insereret.
1295 4089 1378 4219 Eunt
1402 4153 1487 4218 enim

289 4263 396 4308 omnes
418 4253 563 4328 pastores,
579 4240 635 4326 qui
649 4265 713 4305 non
727 4265 852 4328 pascere
867 4254 1021 4326 quaerunt,
1036 4241 1092 4306 sed
1106 4239 1202 4327 pasci,
1217 4239 1337 4328 praelati
1354 4239 1409 4327 qui
1424 4263 1489 4306 non

288 4327 431 4415 prodeaee
453 4327 585 4415 eupiunt
606 4326 660 4392 sed
681 4351 828 4415 praeesse;
851 4341 923 4393 sunt
948 4327 1100 4416 Episcopi
1125 4327 1180 4412 qui
1205 4351 1269 4393 non
1296 4351 1400 4406 omen,
1425 4351 1490 4393 non

290 4437 376 4492 onus,
406 4413 460 4480 sed
482 4414 633 4480 bonorem
655 4414 897 4502 amplectuntur,
920 4414 1026 4501 sieque
1048 4415 1163 4503 seipsos
1184 4415 1284 4480 multb
1306 4415 1433 4502 gravibs
1455 4427 1488 4480 et

289 4501 506 4579 damnabilius,
518 4503 612 4587 qnbm
623 4525 751 4601 gregem
767 4501 827 4568 sibi
842 4502 1041 4568 commissum
1056 4500 1230 4590 perdunt?
1252 4500 1324 4580 Vis,
1337 4501 1487 4588 Gyralde,

290 4611 395 4674 neque
410 4588 568 4654 Iberniarn
584 4588 717 4655 edidisse
733 4613 775 4655 ex
787 4613 829 4668 se,
865 4589 898 4653 ui
910 4591 1029 4655 bonum
1041 4603 1147 4678 ageret
1157 4588 1191 4653 in
1202 4587 1302 4677 patrib
1314 4589 1487 4676 praelatum,

290 4689 344 4740 aut
358 4674 514 4762 evangelii
530 4699 715 4762 praeconem,
730 4615 1008 4762 nequelberniam
1023 4701 1066 4742 ex
1087 4701 1119 4742 se
1141 4675 1277 4742 emisisse
1300 4676 1339 4740 ad
1361 4689 1485 4740 exteras

291 4761 427 4849 Europae
441 4762 627 4849 provincias,
642 4763 740 4828 bonos
754 4764 927 4828 animarum
941 4779 1090 4851 pastores,
1106 4777 1160 4828 aut
1174 4761 1262 4827 verbi
1274 4761 1347 4838 Dei,
1359 4762 1488 4827 idoneos

290 4872 461 4936 praecones:
484 4849 571 4937 prius
586 4849 666 4916 illud
688 4849 812 4916 disertis
835 4851 936 4916 verbis
957 4851 1115 4940 scripsisti,
1138 4849 1289 4938 posterius
1310 4847 1394 4914 istud
1417 4848 1489 4914 satis
