3772 6008
280 773 358 824 oar.
374 757 441 846 vn]
627 773 807 824 aromata
822 772 894 823 rao
909 771 1097 824 emunata,

797 1683 897 1752 CAP.
920 1684 984 1751 VI.

281 1900 426 1966 Gynldnm
436 1900 661 1966 superstitionibus
670 1900 754 1952 rideri
764 1900 906 1962 addictum.
919 1906 947 1952 et
961 1900 1122 1965 magicorum
1138 1899 1274 1952 hominum
1290 1901 1372 1954 inisse
1388 1900 1475 1954 deien-

312 1981 404 2028 sorem,
417 1967 514 2032 apertis
523 1967 609 2018 verbis
618 1967 706 2032 ipsum
716 1967 868 2031 prodidisse.

281 2157 364 2224 NON
385 2179 423 2223 ea
444 2156 641 2224 solummodo
665 2179 735 2244 quae
758 2156 910 2224 hactenus
933 2155 1064 2223 anobis
1086 2156 1229 2245 exposita
1242 2170 1325 2239 sum,
1341 2157 1477 2246 Gyraldi

281 2243 373 2310 dictis
393 2244 500 2326 fidem,
525 2256 557 2310 et
577 2267 717 2332 peraonae
738 2243 965 2321 auctoritatem,
998 2242 1170 2332 plurimirm
1199 2245 1284 2334 apud
1305 2246 1419 2333 probos
1441 2270 1479 2312 ac

282 2330 429 2420 providos
442 2331 574 2398 lectores
588 2331 701 2396 meritb
724 2330 886 2398 detrahere
911 2330 1070 2410 videntur,
1097 2331 1151 2396 sed
1177 2344 1211 2397 et
1235 2355 1305 2418 quae
1330 2331 1478 2421 deinceps

281 2429 490 2506 exponentia,
511 2416 603 2484 novis
617 2417 752 2498 indiciis,
768 2417 893 2484 abunde
915 2417 1077 2484 materiam
1098 2418 1378 2484 subministrabunt
1398 2419 1479 2485 arbi-

282 2503 395 2584 tuendi,
418 2506 459 2571 ab
481 2506 549 2593 ipso
572 2504 749 2570 cavendum
771 2527 848 2583 esse,
871 2517 1021 2594 tauquam
1043 2527 1062 2571 a
1082 2504 1234 2594 scriptore
1255 2528 1320 2570 non
1332 2506 1478 2572 mendaci

281 2591 404 2657 tantiam
418 2615 456 2658 ac
470 2591 625 2658 maledico
640 2602 673 2658 ct
693 2614 786 2671 vano,
808 2592 919 2657 verbm
941 2591 1037 2657 etiam
1058 2603 1092 2658 et
1112 2591 1330 2680 superstitiosa
1351 2593 1477 2672 mentis,

281 2691 374 2766 atque
388 2701 460 2743 eum
475 2679 629 2744 fautorem
643 2677 736 2744 finisse
750 2701 869 2758 eorum,
884 2701 962 2764 quos
976 2677 1080 2766 palam
1095 2691 1216 2744 constat
1228 2677 1370 2745 homines
1384 2679 1478 2745 fuisse

282 2763 442 2830 Pithonici
453 2764 589 2853 spiritus,
602 2776 662 2830 eta
673 2764 797 2831 diabolo
809 2766 934 2842 doctos3
948 2778 985 2830 ut
993 2765 1123 2852 proinde
1136 2763 1251 2853 dignus
1259 2788 1323 2830 non
1333 2765 1479 2832 videatur

283 2851 452 2939 Gyraldus‚
468 2852 523 2952 qui
538 2851 729 2917 anonnullis
743 2851 944 2940 scriptoribus
965 2849 1176 2939 superioribus
1197 2875 1216 2916 a
1235 2875 1287 2916 me
1309 2851 1477 2918 nominatis

282 2937 388 3004 audiat
403 2948 422 2978 ‘⁴
435 2951 566 3027 scriptor
579 2937 786 3018 doctissimus,
801 2938 1010 3026 gravissimus,
1026 2937 1278 3016 eruditissimns‚”
1299 2951 1333 3004 et
1352 2938 1477 3004 histori-

281 3047 336 3090 cus
351 3027 568 3104 “accuratus''
582 3039 641 3090 etc.
686 3025 847 3090 Goeterium
861 3025 929 3112 ipse
951 3024 1013 3092 suia
1034 3024 1139 3090 verbis
1160 3023 1307 3091 audiatur
1328 3024 1475 3105 Gamber,

282 3124 315 3176 et
339 3111 477 3177 vicissim
502 3112 619 3192 audiat,
642 3111 727 3178 docti
752 3125 786 3178 et
799 3111 947 3177 catholici
961 3111 1086 3179 lectoris
1100 3134 1206 3178 sanam
1228 3112 1414 3178 sententiam
1436 3112 1476 3179 dc

282 3197 412 3265 auditis:
435 3222 476 3264 an
497 3222 562 3265 non
584 3198 706 3286 sapiant
726 3198 878 3264 insaniam
900 3210 955 3264 aut
976 3197 1138 3264 levitatem
1153 3198 1313 3264 credulam
1328 3200 1477 3287 supersti-

281 3285 440 3368 tiosorum,
450 3285 503 3351 vel
513 3285 690 3352 vetularum
701 3285 946 3364 observationem
961 3298 994 3352 et
1004 3285 1141 3352 ludibria
1150 3285 1314 3351 illudentis
1328 3285 1477 3354 Satanae'?

282 3371 323 3437 In
346 3372 474 3438 secund.
500 3372 624 3438 distino.
651 3371 789 3462 Topogr.
816 3395 884 3460 oap.
910 3375 961 3452 12,
983 3395 1040 3460 pro
1063 3371 1155 3438 titulo
1177 3371 1297 3460 poaeuit
1319 3371 1478 3462 Gyraldus

281 3458 358 3610 pata:
374 3458 476 3574 „“De
504 3458 607 3526 insula
634 3459 772 3548 primum
801 3458 951 3540 instabili,
987 3459 1115 3526 tandem
1151 3482 1210 3549 per
1237 3459 1344 3548 ignem
1373 3460 1477 3527 stabili

295 3549 372 3611 acti.
785 3595 787 3600 .

325 3631 437 3720 Pergit
449 3655 571 3699 narmre
586 3655 705 3698 meram
719 3631 867 3712 fabulam,
890 3634 929 3699 ab
943 3631 1013 3721 ipso
1027 3655 1084 3721 pro
1098 3631 1245 3699 historica
1258 3631 1414 3699 habitam:
1437 3633 1477 3700 de

282 3723 346 3818 qud
359 3741 452 3785 suum
466 3718 534 3808 ipse
551 3719 721 3806 judicium,
737 3721 822 3805 quod
842 3719 1015 3786 catholicus
1036 3719 1156 3809 peritus
1177 3719 1312 3806 quisque
1332 3721 1479 3808 supersti-

281 3819 398 3872 mosum
419 3829 484 3872 esse
504 3804 665 3894 intelligit,
690 3806 794 3872 voluit
814 3805 911 3885 ferre3
932 3805 1040 3872 fabula
1061 3806 1107 3872 sic
1128 3806 1240 3872 habet:
1262 3815 1283 3848 ‘⁸
1293 3806 1381 3872 Inter
1402 3807 1478 3873 alias

283 3894 358 3958 verb
373 3893 521 3972 insulas*
548 3905 595 3960 est
608 3905 673 3958 urta
685 3916 731 3957 nu
771 3918 787 3959 r
800 3906 885 3972 nata,
907 3917 1001 3980 quam
1023 3892 1251 3981 phantasticam
1272 3906 1404 3974 socant3
1427 3895 1479 3960 cui

283 3979 354 4046 talis
369 3993 500 4045 eventus
514 3979 668 4068 originem
684 3980 723 4046 de
748 3985 780 4046 't.
825 3980 888 4046 Die
910 3981 1047 4066 quodam
1068 4003 1177 4047 sereno
1198 3980 1325 4046 emersit
1344 3981 1380 4046 in
1400 3981 1480 4047 mari

283 4066 428 4132 cumulus
443 4079 532 4132 terra
547 4090 611 4132 non
624 4067 822 4146 immodicus,
837 4067 894 4134 ubi
907 4091 1069 4153 nunquam
1084 4068 1156 4133 ante
1177 4079 1259 4133 terra
1280 4068 1347 4134 visa
1367 4069 1479 4145 fuerat,

283 4149 464 4220 videntibus
473 4165 567 4240 atque
578 4153 802 4220 admirantibus
812 4153 977 4220 insulanis:
992 4153 1122 4240 quidam
1131 4153 1215 4220 enim
1224 4178 1267 4221 ex
1279 4155 1323 4221 eis
1333 4155 1481 4222 dicebant

283 4239 428 4306 balenam
453 4241 506 4306 vel
529 4239 622 4306 aliam
643 4241 796 4306 marinam
817 4240 955 4307 bellnam
978 4253 1202 4306 monstruosam
1224 4265 1306 4322 esse3
1329 4242 1383 4308 alii
1404 4244 1480 4309 verb

283 4327 513 4394 considerantes
528 4327 614 4412 quod
627 4326 694 4394 sine
716 4340 805 4394 motu
826 4327 912 4394 omni
934 4327 1121 4416 persisteret,
1144 4327 1301 4409 dicebant,
1323 4330 1481 4415 “Nequa-

284 4437 390 4500 quam,
416 4414 471 4480 sed
496 4425 578 4480 terra
601 4415 674 4480 est.”
715 4415 763 4482 Ut
787 4427 891 4480 antem
917 4413 998 4480 hanc
1024 4414 1244 4504 ambiguitates
1267 4415 1481 4482 conditionem

284 4500 439 4569 certitudo
453 4501 630 4581 derimeret,
645 4501 737 4568 electi
747 4503 883 4589 juvenes
898 4501 938 4568 dc
963 4500 1066 4568 inauli
1087 4502 1223 4590 quddam
1245 4503 1479 4593 propinquiore,

322 4710 337 4740 ¹
355 4708 445 4762 Sermo
465 4715 522 4762 erat
547 4710 699 4763 Cambremi
716 4713 749 4764 da
771 4711 940 4764 multitudine
955 4725 1096 4775 parvarum
1105 4711 1260 4770 insularum,
1274 4725 1339 4774 qnos
1354 4711 1481 4763 Habrides

283 4781 545 4893 ffifflfflff
556 4776 672 4842 Gyraldo
683 4784 745 4830 sunt
755 4777 891 4838 laetitias,
903 4791 956 4829 non
975 4776 1050 4842 longi
1067 4793 1084 4829 a
1101 4778 1189 4830 littore
1211 4777 1356 4842 aquilonari
1371 4776 1482 4833 menia
