3736 6054
446 689 491 752 44
791 705 972 756 aronocrr
988 705 1059 755 rao
1074 687 1259 752 masania.
1479 685 1572 776 [car.
1589 705 1638 752 ιν.

490 859 523 930 S.
546 859 728 942 Disibodus,
758 861 924 952 episcopus
952 860 1156 930 Dublinansis
1185 860 1220 925 in
1241 858 1379 938 Ibemit,
1412 873 1522 948 postea
1535 881 1639 948 praeco

445 947 646 1051 eyangebcus
666 949 896 1050 inGermunit,
922 949 978 1018 ubi
1000 948 1079 1016 obiit
1093 973 1112 1015 a
1126 950 1146 1016 8
1162 946 1254 1026 tulii,
1275 959 1313 1013 ut
1326 945 1435 1013 videre
1455 961 1502 1014 est
1522 946 1557 1012 in
1571 946 1639 1012 vita

309 1187 313 1196 ,
446 1035 818 1222 ψξᾞξιιεὲιιᾚῇο
840 1144 888 1204 us,
903 1121 1092 1212 Ratisponae,
1106 1133 1144 1187 ut
1158 1121 1278 1187 dictum
1293 1133 1349 1202 est,
1369 1119 1519 1209 sepultus,
1534 1135 1567 1186 et
1580 1118 1640 1184 mi·

443 1208 557 1276 raculrs
571 1208 688 1288 clarum
703 1211 793 1298 cujus
805 1146 919 1276 listum
975 1213 1037 1275 'tur
1051 1211 1070 1274 6
1086 1208 1214 1275 lanuar.

489 1296 522 1362 S.
545 1295 706 1376 Fintanus,
732 1321 776 1362 ex
796 1296 939 1385 principe
989 1296 1107 1385 ageniae
1132 1295 1168 1360 in
1192 1295 1321 1361 Iberuit
1342 1293 1443 1361 sactus
1465 1293 1637 1360 monachus

444 1381 577 1450 caenobii
587 1382 733 1450 Rheinau
756 1383 850 1449 'ensis
863 1383 899 1448 in
913 1381 1092 1462 Germarit,
1106 1383 1162 1448 ubi
1176 1381 1258 1450 obiit
1270 1381 1370 1448 clarus
1384 1380 1543 1447 miraculis
1556 1403 1638 1445 anno

443 1468 551 1536 salutis
566 1471 640 1548 827,
656 1470 697 1538 ad
712 1471 730 1536 1
768 1469 924 1538 Novemb.

487 1557 520 1622 S.
535 1555 727 1636 Fridoliuus,
742 1556 826 1623 filius
839 1557 922 1658 regis
937 1556 1081 1636 Iberniae,
1104 1579 1156 1620 rna
1199 1579 1237 1621 us
1251 1555 1438 1645 predicator
1460 1555 1495 1618 in
1520 1553 1636 1630 Gallia,

443 1641 567 1732 Belgio,
583 1657 615 1709 et
631 1643 810 1720 Germania,
833 1645 891 1710 ubr
904 1644 939 1710 in
953 1642 1154 1732 coenobicsse
1180 1642 1314 1731 'ngensi
1328 1642 1369 1709 ad
1384 1641 1544 1720 Rhenum,
1559 1640 1639 1706 obiit

445 1753 529 1797 anno
544 1729 652 1796 salutis
667 1733 741 1812 514,
758 1732 777 1797 6
793 1731 887 1798 Mart

486 1817 519 1883 S.
533 1815 708 1897 Gisilarius,
722 1819 862 1884 sacerdos
876 1830 909 1884 at
919 1817 1088 1884 sacellanus
1100 1817 1139 1883 B.
1151 1815 1296 1905 Ruperti,
1334 1815 1406 1880 rimi
1418 1815 1637 1904 saltzburgen-

442 1901 483 2057 {is
498 1903 781 2058 epimopfflnllsilipie
805 1905 812 1919 '
832 1904 995 2057 ιΓιιιθιιιὴ,
1018 1917 1051 1970 et
1071 1927 1111 1970 ne
1123 1902 1194 2057 286³
1214 1903 1297 1992 regis
1311 1839 1514 1984 Rrancorum,
1539 1903 1637 1970 Salte-

465 2013 503 2056 ur
552 2013 585 2057 se
792 2015 809 2058 e
848 2015 954 2059 .crrca
967 2013 1085 2056 annum
1167 2040 1174 2054 .

487 2014 707 2157 ciriciacus,
722 2015 885 2167 apiscipus
898 2076 1080 2145 Werdensis
1094 2089 1128 2144 et
1140 2089 1260 2166 martyr
1273 2076 1308 2142 in
1322 2075 1531 2166 westphalia,
1553 2075 1636 2144 circa

444 2187 561 2230 annum
577 2165 685 2230 salutis
700 2167 830 2244 831,15
845 2165 935 2232 Julii.

486 2249 519 2317 S.
534 2250 683 2332 loannes,
698 2251 873 2340 opiscopus,
888 2264 1017 2342 martyr,
1035 2264 1068 2318 et
1091 2251 1250 2340 apostolus
1265 2250 1554 2340 Magnipclentium
1579 2274 1634 2318 seu

442 2337 725 2439 Michelburgensis
735 2338 875 2418 ducatus,
890 2338 925 2403 in
936 2337 1116 2418 Germania,
1126 2337 1184 2404 ubi
1198 2338 1315 2405 occisus
1328 2353 1374 2404 est
1387 2352 1420 2406 et
1430 2361 1486 2427 pm
1498 2337 1634 2415 Christo,

441 2425 534 2490 vivus
553 2447 666 2576 genam
681 2437 783 2492 sectus
797 2425 832 2490 in
845 2425 944 2492 frusta
958 2425 999 2493 ad
1014 2427 1056 2492 10
1070 2424 1226 2492 Novemb.
1241 2425 1324 2494 circa
1346 2449 1464 2494 annum
1478 2423 1532 2492 sal.
1551 2425 1633 2490 1061

443 2513 553 2577 aut10
576 2514 606 2577 6.

442 2597 803 2752 82{)10rtilla,episcopus
816 2597 999 2667 Werdensis
1014 2611 1047 2664 et
1059 2609 1188 2687 martyr,
1203 2599 1243 2666 ad
1255 2599 1412 2688 281April.
1423 2599 1507 2666 ciros
1517 2621 1635 2666 annum

485 2771 651 2853 Macarius,
666 2773 786 2862 primus
800 2773 895 2840 abbas
911 2773 1077 2840 Scotorum
1091 2773 1227 2842 cenobii
1242 2773 1327 2862 apud
1342 2772 1554 2862 Herbipolim,
1576 2773 1634 2838 mi·

440 2859 554 2926 reculis
569 2860 680 2940 clarus,
694 2859 815 2928 ibidem
829 2872 971 2927 mortuus
987 2863 1029 2926 14
1044 2861 1196 2931 Decemb.
1213 2883 1294 2926 anno
1312 2861 1406 2928 1153.

486 2945 518 3012 S.
534 2946 572 3010 M
636 2971 682 3026 us,
708 2947 881 3035 discipulus
906 2947 1076 3014 Beatcrum
1102 2947 1292 3016 Columbani
1314 2959 1347 3014 at
1369 2945 1466 3026 Galli,
1487 2946 1635 3014 fundator

441 2971 756 3100 coenobiialiucensis
768 3033 801 3099 in
813 3034 956 3112 Boaroia,
977 3035 1035 3100 ubi
1049 3047 1190 3103 coruscat
1203 3034 1371 3114 miraculis,
1387 3048 1420 3100 et
1431 3033 1579 3122 migravit
1593 3033 1634 3101 ad

442 3119 613 3198 Christum,
635 3143 716 3184 anno
731 3121 855 3186 circiter
870 3121 945 3199 613,
961 3123 980 3186 6
998 3121 1160 3210 Septemb.

445 3205 646 3359 lobiam
663 3206 784 3286 Scotus,
799 3205 974 3286 historicus,
992 3207 1043 3273 vir
1056 3223 1190 3287 sanctus,
1205 3207 1382 3298 Mogontia
1395 3219 1536 3274 mortuus
1551 3230 1634 3274 anno

484 3380 587 3457 Patto,
603 3379 766 3468 episcopus
780 3379 973 3459 Werdensis,
989 3383 1092 3450 sancte
1107 3383 1188 3452 obiit
1202 3407 1283 3450 anno
1299 3383 1372 3461 ⁷60,
1400 3381 1440 3447 ad
1455 3381 1498 3446 30
1512 3379 1632 3446 Martii.

484 3465 681 3544 Theodorus,
696 3465 795 3533 socius
811 3467 849 3531 B.
865 3467 988 3556 Magni,
1004 3467 1177 3559 discipulus
1192 3468 1393 3547 columbani,
1404 3467 1523 3556 primus
1537 3469 1633 3534 abbas

440 3551 710 3641 campidonensis,
732 3577 814 3620 unus
843 3577 886 3620 cx
915 3555 1023 3621 multis
1051 3557 1190 3645 patronis
1219 3556 1356 3624 ecclesiae
1379 3554 1632 3622 constansiensis.

484 3637 689 3722 Frudbertus,
704 3651 823 3730 martyr
837 3640 871 3706 in
881 3641 1035 3731 Bmgoia
1045 3645 1143 3733 propb
1158 3644 1351 3733 Friburgum
1365 3642 1476 3709 urbem
1491 3641 1632 3721 Abatiae,

440 3725 535 3791 frater
549 3727 586 3791 B.
603 3727 737 3818 Ruperti
754 3727 1004 3818 Saltzburgensis
1017 3729 1166 3820 episcopi,
1182 3730 1223 3797 ad
1239 3733 1279 3798 19
1295 3730 1451 3797 Novemb.

443 3813 673 3964 SKuuialdus,
695 3815 837 3882 sacerdos
858 3827 891 3881 et
915 3815 1087 3883 sacellanus
1100 3817 1235 3908 Ruperti
1252 3817 1509 3906 saltzburgensis,
1531 3815 1571 3882 ad
1592 3817 1634 3881 24

468 3923 485 3964 e
510 3911 583 3966 tem.

520 3987 694 4067 endelinus,
710 3987 795 4055 filius
809 3988 893 4079 regis
909 3988 1053 4070 Iberniae,
1070 3991 1125 4078 qui
1141 4013 1198 4080 pro
1214 3989 1342 4058 Christo
1357 3990 1466 4058 volens
1489 3991 1633 4080 patriam,

439 4097 483 4152 se,
498 4087 531 4139 et
544 4087 657 4140 cuncta
670 4090 880 4154 contemnere,
902 4076 1028 4164 ignotus
1042 4077 1077 4143 in
1091 4077 1261 4146 Germanit
1281 4077 1446 4144 subulcum
1461 4079 1544 4178 egit;
1566 4091 1633 4144 tan·

440 4159 512 4226 dem
528 4161 652 4250 agnitus
672 4163 835 4252 egregium
857 4163 924 4252 cgit
945 4164 1090 4229 abbatom
1105 4178 1138 4231 et
1150 4187 1333 4316 praeconem
1348 4167 1577 4254 evangehcum,
1601 4179 1634 4230 et

440 4248 545 4312 sanctb
561 4248 641 4313 obiit
655 4249 695 4314 ad
711 4253 749 4315 21
768 4249 881 4316 Octob.
898 4249 981 4316 circa
995 4274 1111 4316 annum
1129 4255 1147 4316 7
1170 4253 1200 4318 0.

484 4333 651 4422 Virgilius,
667 4335 750 4402 filius
771 4337 853 4426 regis
881 4336 1026 4416 Iberniae,
1049 4361 1151 4404 nonus
1175 4337 1340 4426 episcopus
1372 4337 1631 4426 saltzburgensis,
1742 4347 1746 4356 '

439 4420 623 4507 predicator
637 4421 784 4502 eximius,
800 4425 849 4488 vir
863 4423 1068 4503 doctissimus,
1091 4424 1311 4491 miraculorum
1333 4426 1512 4490 crebrorum
1532 4437 1632 4511 patra·

440 4521 498 4586 tor,
515 4508 669 4595 apostolus
684 4509 869 4590 Karinthiae,
886 4511 1034 4598 migravit
1048 4511 1081 4574 in
1095 4511 1209 4596 caelum
1224 4537 1306 4577 anno
1322 4514 1395 4591 784,
1419 4514 1460 4576 27
1475 4511 1631 4577 Novemb.

441 4609 495 4660 aut
511 4595 571 4659 kal.
590 4594 740 4662 Decemb.

485 4681 516 4748 S.
534 4681 660 4765 viralis,
683 4685 837 4751 secundus
860 4683 1023 4770 episcopus
1041 4683 1297 4772 Saltaburgcnsis,
1321 4683 1491 4774 discipulus
1506 4707 1587 4750 unus
1602 4697 1634 4750 et
