3736 6054
431 791 470 857 18
766 805 948 856 seonocrn
963 804 1033 854 eno
1049 805 1234 852 ursanum.
1481 789 1574 876 [ose.
1591 807 1628 853 rr.

427 962 582 1030 e'usmodi
608 962 757 1048 loquendi
784 961 930 1027 formulas
954 971 1099 1050 eruptum
1125 961 1201 1038 sore,
1229 971 1398 1026 etnecesse
1414 971 1580 1026 esttamen
1595 963 1629 1027 in

428 1051 497 1116 ilas
512 1063 665 1138 erumpat,
677 1049 716 1114 de
729 1049 799 1114 Deo
810 1071 914 1127 voces,
929 1061 962 1114 et
975 1049 1015 1114 dc
1026 1047 1160 1126 Christo,
1176 1046 1231 1132 qui
1246 1070 1310 1111 non
1325 1059 1451 1112 veretur
1465 1047 1505 1112 dc
1520 1049 1629 1114 coeliti·

427 1137 485 1204 bus
499 1136 608 1202 efferre
634 1135 720 1222 quod
736 1135 908 1224 Gyraldus:
935 1157 1009 1200 nam
1024 1132 1163 1222 perinde,
1191 1133 1256 1198 imo
1282 1134 1372 1222 pejus
1395 1147 1486 1198 sonat
1500 1134 1526 1198 si
1542 1134 1628 1200 dieas

428 1223 534 1289 Deum
549 1222 601 1288 vel
617 1222 776 1288 Christum
791 1221 853 1286 suis
867 1221 1023 1287 coelitibus
1037 1220 1190 1308 impertiri
1213 1220 1305 1308 (quid
1320 1221 1394 1285 verb
1410 1220 1528 1286 habent
1541 1223 1627 1306 quod

427 1333 491 1374 non
505 1309 641 1375 referant
655 1308 780 1375 Christo
794 1321 958 1408 acceptum
973 1332 991 1374 a
1007 1307 1091 1394 Deo)
1109 1321 1144 1372 ut
1158 1307 1221 1372 sint
1234 1306 1331 1372 animi
1346 1306 1490 1386 vindicis,
1507 1309 1626 1396 appeti·

427 1396 506 1462 biles
521 1396 678 1476 vindictae,
705 1396 795 1484 proni
810 1396 850 1460 ad
872 1419 961 1474 rram,
988 1395 1082 1481 qubrn
1097 1394 1122 1458 si
1148 1394 1283 1480 loquaris
1302 1394 1408 1459 Deum
1430 1419 1564 1482 pronum
1586 1396 1625 1460 ad

426 1483 609 1562 vindictam,
625 1483 665 1548 ad
680 1482 740 1548 iras
754 1495 787 1547 et
801 1481 940 1547 animum
955 1481 1132 1547 vindicem:
1154 1505 1227 1545 nam
1243 1481 1277 1545 in
1292 1480 1359 1546 istis
1373 1494 1405 1545 et
1420 1479 1453 1544 in
1469 1481 1626 1567 ejusmodi

426 1570 520 1635 rebus
541 1569 645 1635 locum
667 1593 730 1634 non
752 1569 923 1656 incongrue
938 1569 1063 1634 videtur
1085 1567 1198 1632 habere
1214 1567 1378 1654 vulgatum
1392 1569 1535 1646 verbum,
1558 1568 1625 1634 “in

428 1656 518 1720 malis
533 1669 565 1722 et
579 1655 654 1721 mali
668 1656 806 1744 speciem
820 1679 884 1743 prae
900 1679 933 1721 se
950 1655 1131 1732 serentibus,
1147 1653 1235 1752 pejor
1261 1667 1306 1719 est
1329 1654 1468 1720 conditio
1491 1655 1625 1722 auctoris

427 1743 523 1830 quim
537 1743 659 1822 actoris,
685 1745 774 1831 pejor
798 1741 853 1830 qui
876 1741 961 1819 facit,
985 1743 1080 1827 qubm
1105 1764 1159 1826 qtu
1175 1739 1270 1806 habet
1284 1742 1403 1806 animos
1418 1742 1458 1806 ad
1472 1741 1625 1808 vindictas

450 1831 566 1895 ronos.”
626 1829 689 1894 Sed
712 1829 803 1894 mitto
827 1842 859 1894 te
882 1852 975 1906 nunc,
1002 1827 1047 1892 mi
1073 1825 1223 1914 Gyralde,
1250 1827 1304 1912 qui
1328 1828 1412 1893 cauti
1434 1828 1481 1893 tui
1501 1829 1625 1896 lectoris

428 1854 585 1982 demoliti
605 1915 728 2003 judicio
742 1916 843 1982 fecisti
857 1915 917 1980 tibi
942 1937 1057 1979 nomen
1072 1927 1104 1978 et
1128 1912 1256 1999 quidem
1271 1915 1388 2002 grande
1410 1928 1443 1980 et
1464 1939 1624 2016 magnum,

428 2003 556 2068 sednon
570 2004 699 2082 bonum,
709 2003 764 2088 qui
779 2002 819 2066 de
833 2001 923 2066 bonis
934 2013 967 2066 et
976 2000 1038 2066 Dei
1054 2001 1176 2079 sanctis,
1190 2001 1229 2066 de
1242 2001 1304 2066 Dei
1314 2001 1444 2067 ecclesii
1458 2002 1623 2082 militante,

427 2089 509 2156 male
525 2089 641 2155 videris
655 2102 687 2154 et
702 2088 832 2154 sensisse
848 2101 881 2154 et
894 2087 1057 2174 scripsisse.
1103 2087 1215 2172 Neque
1230 2088 1352 2154 mordes
1361 2091 1494 2168 tantiun,
1509 2090 1624 2156 minuis

427 2200 489 2262 quc
514 2177 665 2241 honorem
679 2189 854 2240 sanctorum
871 2174 1014 2252 Iberniae,
1041 2197 1118 2260 quos
1132 2188 1309 2240 reverenter
1324 2175 1401 2241 colit
1414 2176 1553 2254 ecclesia,
1569 2180 1624 2243 sed

427 2275 461 2328 et
475 2263 601 2328 dentem
615 2285 678 2326 non
693 2260 868 2327 abstinuisti
880 2262 919 2326 ab
929 2261 1109 2348 Augustino
1118 2260 1296 2348 Anglorum
1312 2262 1452 2350 apostolo
1463 2277 1496 2328 ct
1506 2279 1624 2351 aposto-

427 2347 496 2413 licae
511 2347 593 2413 sedis
607 2347 721 2434 legato,
742 2347 810 2412 viro
825 2347 1015 2412 sanctissimo
1038 2346 1196 2412 miraculis
1218 2348 1252 2412 in
1267 2349 1333 2413 vitet
1348 2362 1381 2414 et
1394 2365 1492 2415 morte
1508 2375 1623 2416 corrus-

427 2434 523 2514 canti,
549 2447 582 2499 et
606 2435 646 2498 ed
671 2435 896 2500 convertendos
921 2433 961 2498 ad
983 2433 1142 2499 Christum
1157 2433 1423 2522 Anglo-Saxones
1444 2437 1569 2504 missos
1585 2439 1622 2503 B.

428 2519 580 2609 Gregorio
596 2519 716 2607 Magno
741 2525 831 2609 papst.
876 2521 979 2601 Quem
994 2520 1211 2608 Augustinum
1233 2521 1268 2584 in
1287 2535 1462 2588 sanctorum
1487 2525 1624 2590 catholo-

426 2631 504 2696 gum
519 2607 558 2672 ab
574 2607 704 2673 ecelesib
719 2607 861 2672 Romano
876 2608 1008 2672 relatum
1024 2619 1171 2692 tunquam
1187 2607 1363 2695 apostolicae
1378 2610 1459 2675 sedis
1474 2611 1622 2698 legatum,

426 2695 587 2760 sedentem
601 2693 635 2758 in
649 2695 734 2774 sella,
750 2695 836 2794 quod
846 2718 909 2760 non
924 2693 1126 2760 assurrexerit
1141 2693 1381 2760 adventantibus
1396 2695 1430 2760 in
1444 2720 1476 2762 se
1489 2697 1624 2764 Britoni-

427 2784 496 2860 bus‚
510 2784 593 2869 (tum
607 2780 819 2859 schismatrois,
834 2783 889 2846 sed
898 2783 971 2868 jure
986 2794 1019 2845 et
1031 2781 1178 2846 mandato
1187 2779 1332 2869 Gregorii
1345 2781 1466 2870 Magni,
1477 2786 1624 2871 subjectis

426 2869 530 2935 eidem
545 2868 727 2956 Augustino
754 2881 900 2954 tanquam
916 2867 1057 2956 legitimo
1083 2867 1315 2956 archiepiscopo
1330 2882 1362 2933 et
1383 2869 1486 2957 legato
1502 2886 1623 2960 aposto·

429 2956 515 3042 lico‚)
533 2955 655 3021 disertis
669 2955 773 3022 verbis
799 2955 957 3044 Gyraldus
980 2955 1034 3021 lib.
1061 2955 1091 3032 2,
1112 2979 1149 3019 ca
1172 3004 1180 3019 .
1206 2959 1235 3032 l,
1261 2979 1294 3019 su
1321 2954 1387 3021 'llat
1401 2971 1437 3021 ut
1462 2957 1622 3026 hominem

428 3053 447 3082 ‘⁶
462 3042 597 3106 Romani
611 3041 732 3121 fastus?
758 3057 791 3107 et
804 3041 838 3106 in
854 3055 963 3107 testem
983 3041 1061 3107 citat
1084 2979 1203 3106 Betim
1227 3041 1261 3104 in
1276 2979 1418 3109 liilstorit
1432 3045 1621 3132 Anglicamt,

425 3129 480 3193 ubi
496 3141 600 3192 tamen
615 3128 705 3206 nihil,
720 3127 779 3192 nisi
795 3128 879 3212 quod
892 3128 967 3193 facit
981 3128 1021 3193 ad
1035 3127 1160 3192 laudem
1172 3127 1232 3192 viri
1247 3127 1416 3194 beatissimi
1431 3133 1534 3210 refert,
1546 3134 1623 3198 etin

426 3215 481 3280 lib.
493 3217 511 3277 2
524 3213 663 3299 ejusdem
679 3212 824 3292 historie,
840 3237 907 3302 cap.
919 3221 949 3294 2,
966 3215 1086 3279 tantiun
1102 3213 1209 3280 scribit
1221 3213 1365 3282 Britones
1375 3217 1440 3282 sive
1452 3217 1621 3285 Cambren·

426 3324 473 3366 ses
484 3299 562 3377 illos,
573 3299 627 3385 qui
638 3312 709 3387 post
719 3300 784 3364 visa
798 3299 949 3366 miracula
957 3299 1131 3388 Augustini
1143 3301 1319 3366 refractorib
1331 3304 1501 3370 renuebant
1513 3331 1622 3394 agnos-

426 3412 497 3453 cere
511 3385 614 3473 ipsum
639 3409 696 3473 pro
711 3409 766 3451 suo
782 3385 1026 3475 archiepiscopo,
1049 3388 1188 3474 superbae
1203 3401 1235 3452 et
1249 3387 1446 3455 fastuositatis
1462 3407 1621 3459 contume-

427 3475 502 3539 liost
518 3477 637 3538 notbsse
651 3473 808 3551 eumdem,
835 3473 889 3558 qui
904 3472 1036 3560 patienti
1051 3485 1084 3537 et
1108 3471 1293 3540 humilitatis
1309 3475 1493 3542 Christiane
1509 3480 1622 3546 affectu

426 3562 527 3626 serens
542 3558 689 3646 injuriam
705 3558 765 3625 sibi
780 3559 915 3638 allatam,
931 3559 1044 3626 leniter
1058 3573 1091 3624 et
1105 3559 1258 3626 veraciter
1279 3563 1428 3650 praedixit
1441 3565 1622 3633 adversariis

426 3647 617 3724 Britonibus‚
641 3646 746 3710 Deum
761 3669 817 3732 per
831 3659 956 3734 gentem
971 3647 1151 3734 Anglorum
1167 3647 1338 3714 vindictam
1353 3650 1393 3716 de
1407 3651 1470 3716 illis
1483 3667 1623 3741 sumptu·

425 3759 507 3814 rum,
523 3732 608 3819 qubd
623 3733 776 3798 mandatis
791 3732 924 3821 Gregori
939 3733 1051 3821 Magni
1067 3745 1098 3798 et
1113 3734 1289 3821 apostolice
1300 3736 1381 3801 sedis
1392 3761 1498 3826 parcre
1513 3763 1622 3806 renue·

424 3821 497 3886 rint.
542 3819 637 3900 Quod
659 3833 691 3886 et
704 3821 811 3908 paucis
825 3820 913 3886 annis
935 3833 1006 3908 post
1019 3819 1191 3909 Augustini
1206 3835 1338 3888 mortem
1359 3825 1505 3892 accidisse
1520 3841 1622 3893 narrat

426 3907 522 3973 fusilis
533 3907 631 3985 Beda,
645 3906 701 3973 lib.
718 3919 750 3972 et
763 3931 830 3995 cap.
856 3909 926 3972 ante
942 3907 1064 3972 notatis.
1120 3907 1243 3973 Olaudo
1257 3922 1352 3996 caput
1365 3911 1449 3976 istud
1472 3935 1622 3980 revocans

427 3994 568 4083 Gyraldo
593 3993 628 4058 in
653 3993 845 4072 memoriam,
872 4017 912 4059 en
926 4017 997 4060 cum
1020 3993 1086 4060 istis
1100 3994 1297 4060 contumeliis
1311 3995 1345 4060 in
1365 3997 1526 4064 ecelesiam
1542 4015 1574 4065 et
1587 4001 1620 4065 in

425 4094 545 4147 sanctos
570 4081 742 4146 consentiat
756 4091 864 4145 votum
891 4082 925 4168 (a
938 4105 990 4145 me
1015 4080 1204 4169 descriptum
1228 4080 1320 4146 initio
1334 4084 1444 4183 capitis
1458 4085 1564 4173 hujus)
1582 4090 1621 4154 ab

425 4169 493 4258 ipso
504 4167 575 4232 Diis
584 4179 799 4254 nuncupatum
813 4167 848 4231 in
863 4167 930 4234 haee
944 4169 1055 4234 verba:
1072 4179 1091 4207 “
1104 4168 1148 4233 ita
1157 4192 1207 4233 me
1219 4168 1275 4233 Dii
1286 4170 1451 4238 amabilem
1463 4189 1620 4259 prestent,

425 4269 462 4321 ut
476 4253 557 4318 nihil
579 4254 613 4318 in
638 4253 746 4320 libello
760 4255 966 4342 apposuerim,
991 4255 1080 4340 cujus
1095 4255 1257 4320 veritatem
1272 4255 1323 4320 vel
1338 4257 1460 4323 oculata
1475 4259 1548 4339 fide,
1570 4264 1621 4328 vel

425 4339 712 4431 probatissimorum
738 4353 771 4406 et
785 4341 1035 4408 authenticorum
1059 4341 1369 4429 comprovincialium
1385 4344 1523 4410 virorum
1538 4349 1622 4414 testi·

426 4427 532 4494 monio
558 4449 631 4492 curn
645 4431 766 4492 sumunt
780 4427 946 4515 diligentia
960 4453 1023 4494 non
1038 4428 1209 4495 elicuerim.
1255 4428 1319 4495 Sed
1344 4455 1441 4520 pergo
1457 4432 1496 4496 ad
1510 4449 1622 4502 caetere

425 4533 490 4592 tua,
517 4512 724 4592 Cambrensis,
751 4514 802 4579 cui
817 4513 913 4580 timeo
928 4538 967 4580 ne
982 4514 1155 4580 vindictam
1169 4539 1287 4594 eorum,
1312 4541 1389 4602 quos
1403 4533 1436 4583 tu
1455 4543 1567 4606 pronos
1582 4523 1621 4588 ad

425 4601 609 4678 vindictam,
626 4599 722 4664 animi
736 4600 882 4679 vindicis,
897 4614 930 4665 et
944 4601 1129 4690 appetibiles
1143 4602 1196 4666 irae
1222 4607 1407 4672 exercende
1427 4630 1492 4672 csse
1509 4607 1621 4690 aiebas,

426 4688 592 4778 aliquando
607 4710 745 4753 severam
761 4687 900 4754 senseris.

1673 9 1855 330 Ἴ
