3736 6054
247 729 327 777 cnr.
343 709 393 798 v.]
601 727 783 776 sroaoors
805 727 876 776 rao
900 727 1085 776 mannum.
1403 715 1441 778 61

248 885 328 950 adeo
350 883 468 972 tragice
494 906 710 973 exaggerares,
736 897 773 950 nt
786 883 872 963 facis,
896 885 975 952 adeo
990 886 1088 952 foedas
1103 906 1160 960 res,
1184 908 1316 971 quarum
1332 885 1445 951 notitia

245 994 358 1060 parum
372 971 527 1058 prodesse,
550 969 684 1036 mulum
699 971 807 1038 obesse
828 983 941 1060 potest,
963 997 1025 1038 non
1040 971 1150 1038 lectori
1166 983 1219 1036 tuo
1234 973 1366 1050 tantum,
1389 973 1445 1038 sed

246 1070 280 1124 et
391 1057 445 1123 tuh
461 1058 551 1124 bonae
566 1058 666 1136 famae,
681 1057 832 1124 universae
845 1059 949 1147 gentis
963 1059 1139 1125 christianae
1153 1057 1326 1138 catholioae,
1347 1083 1447 1146 quon-

249 1081 388 1211 <roffi
406 1150 462 1210 tud
498 1145 586 1224 atria,
613 1144 765 1232 Gyralde,
792 1146 833 1210 de
845 1145 939 1212 variis
961 1145 1030 1212 aliis
1045 1146 1181 1232 Eumpae
1202 1145 1382 1232 provinciis,
1405 1146 1446 1211 dc

247 1236 315 1298 tota
328 1232 461 1298 ecelesia
510 1233 539 1298 ei
555 1231 674 1322 optime
692 1231 812 1297 meriti.
857 1231 946 1298 Deus
967 1232 1026 1299 tibi
1048 1231 1201 1322 ignoscat,
1225 1230 1250 1296 si
1269 1231 1337 1317 jam
1359 1232 1446 1299 locus

248 1318 350 1385 veniae
364 1332 468 1397 restat,
495 1319 577 1386 hano
599 1342 758 1385 enormem
780 1318 927 1405 injuriam
942 1333 975 1386 et
990 1319 1064 1386 alias
1109 1318 1236 1384 lurimus
1249 1342 1268 1384 a
1283 1330 1314 1385 te
1329 1343 1447 1408 sparsas

248 1406 290 1471 ad
304 1405 465 1470 infamiam
480 1418 513 1471 et
528 1405 715 1495 opprobium
730 1405 964 1494 sempiternum,
987 1419 1140 1494 quantum
1153 1405 1188 1470 in
1202 1418 1234 1470 te
1249 1404 1320 1484 fuit,
1342 1406 1446 1505 gentis

250 1493 452 1576 lbernorum3
468 1493 508 1558 de
519 1499 582 1579 qut
595 1517 688 1558 nemo
703 1505 816 1580 praeter
830 1492 1025 1559 Gulielmum
1041 1493 1238 1559 camdenum
1252 1492 1445 1572 haereucum,

248 1591 282 1645 et
296 1579 458 1645 incautum
472 1579 692 1646 Abrahamum
707 1579 865 1646 Ortelium
880 1579 1022 1657 credidit,
1045 1593 1100 1646 aut
1121 1579 1293 1646 crediturus
1315 1579 1355 1644 sit
1376 1603 1448 1668 pro·

273 1666 381 1732 udiosa
394 1666 463 1744 ista,
479 1667 538 1732 nisi
552 1667 658 1745 homo,
680 1665 757 1733 fidei
770 1664 883 1745 inanis,
907 1679 961 1733 aut
975 1666 1116 1745 infamis3
1138 1665 1329 1733 credendum
1347 1689 1365 1732 a
1380 1690 1448 1733 cor·

249 1691 331 1819 datis
346 1765 392 1819 est
406 1753 547 1819 Alcuino
560 1765 648 1819 tanto
663 1753 742 1833 viro,
765 1755 838 1820 vere
863 1754 1004 1819 testanti:
1028 1753 1261 1820 “castissimam
1276 1753 1390 1819 vitam”
1411 1767 1448 1820 ut

272 1840 421 1906 lurimum
437 1850 456 1881 ‘⁴
469 1840 614 1920 vixisse,”
638 1840 691 1906 vol
713 1838 858 1906 “laicam
871 1854 999 1930 gentem
1014 1841 1215 1906 Ibernorum”
1228 1839 1314 1906 illins
1328 1841 1446 1907 saeculi.

299 1927 386 1993 rtdsi
412 1926 452 1992 de
472 1927 631 1994 hodiernae
658 1951 727 2014 quse
747 1941 887 2015 'superest
910 1927 1072 1994 catholica
1094 1927 1278 1992 Ibernorum
1299 1926 1446 2007 nationis,

249 2014 444 2080 eontinentid
465 2039 484 2080 a
498 2017 590 2082 rebus
603 2013 722 2080 illicitis
737 2029 791 2079 aut
805 2014 1000 2102 praeposteris
1013 2014 1154 2081 venereis
1169 2013 1220 2080 vel
1234 2012 1336 2092 soedis,
1357 2014 1448 2082 fieret

249 2101 371 2168 abonis
394 2126 430 2166 ac
445 2101 607 2190 sagacibus
627 2091 789 2188 inquisitio
811 2101 957 2189 diligens,
979 2101 1070 2168 facile
1085 2102 1212 2168 tandem
1234 2100 1366 2166 ferretur
1379 2125 1447 2167 sen·

249 2187 359 2267 tentia,
374 2212 439 2254 non
453 2212 518 2254 esse
532 2190 591 2255 sub
605 2187 685 2254 coelo
696 2201 834 2276 gentem,
845 2188 897 2255 cui
909 2189 1045 2277 palmam
1060 2186 1231 2256 honestatis
1247 2188 1320 2274 jure
1335 2188 1447 2255 cedere

249 2288 353 2364 ponet
362 2274 695 2362 Hibernioa,eujus,ut
706 2275 812 2341 multis
822 2275 1074 2362 nationibusjam
1085 2288 1195 2342 notum
1206 2287 1262 2352 est,
1273 2287 1337 2343 tem
1379 2300 1449 2341 ran·

249 2361 327 2428 tiam
341 2361 394 2427 vel
407 2362 481 2428 inde
497 2362 679 2448 conjiciunt,
694 2362 780 2448 quhd
794 2361 852 2428 vix
865 2362 949 2428 ullus
963 2387 1006 2428 ex
1018 2361 1145 2428 Ibernitt
1159 2361 1290 2451 appellit
1303 2299 1447 2449 adduas-

250 2447 324 2514 dam
346 2461 470 2515 exteras
494 2450 645 2529 nationes,
676 2473 752 2536 quas
779 2451 941 2515 nominare
969 2473 1093 2516 necesse
1121 2472 1186 2514 non
1214 2460 1270 2528 est,
1299 2449 1355 2534 qui
1384 2473 1448 2516 non

250 2535 449 2624 obstupescat
471 2535 512 2602 ad
534 2561 582 2615 ea,
608 2561 677 2624 quas
703 2536 743 2602 de
766 2535 944 2602 monstrosis
972 2549 1026 2602 aut
1047 2534 1242 2624 praeposteris
1271 2534 1447 2621 aliquorum

250 2623 475 2712 voluptatibus,
502 2623 669 2710 aliquando
691 2623 815 2711 cogitur
836 2623 953 2700 audire,
976 2622 1016 2690 de
1038 2623 1152 2710 quibus
1166 2622 1200 2686 in
1214 2625 1270 2686 sut
1290 2620 1393 2708 patria
1407 2645 1447 2688 ne

249 2709 303 2776 vel
324 2708 475 2776 somniare
498 2723 615 2776 nomnt
635 2723 691 2776 aut
711 2709 881 2776 nominare.
939 2708 1003 2776 Sed
1025 2709 1065 2775 de
1087 2709 1146 2787 his,
1169 2707 1283 2795 quibus
1305 2707 1447 2796 Gyraldo

249 2796 366 2886 volupe
377 2809 424 2863 est
433 2797 532 2885 loqui,
547 2797 619 2886 plus
633 2797 705 2864 satis
720 2796 760 2862 sit
774 2796 911 2875 dictum;
927 2796 1097 2862 dummodo
1111 2796 1242 2862 lectores
1256 2794 1341 2860 illius
1354 2794 1446 2861 intel·

249 2883 359 2973 ligant,
374 2883 477 2972 ipsum
493 2883 604 2962 solum,
616 2885 797 2950 adversante
809 2883 960 2962 Alcuino,
975 2895 1008 2948 et
1022 2882 1144 2950 coeteris
1154 2881 1318 2968 hucusque
1353 2881 1445 2948 ravis·

247 2970 334 3036 simis
353 2971 486 3038 testibus
506 2971 681 3050 nominatis,
702 2970 888 3059 impugnare
903 2969 1067 3036 veritatem
1088 2983 1121 3036 et
1135 2968 1309 3057 impingere
1325 2907 1447 3036 ibernia
1509 3045 1512 3056 Ι

248 3057 369 3124 crimen
383 3081 521 3124 enorme.
565 3057 716 3124 Dicamus
731 3081 795 3123 non
810 3056 891 3122 nihil
913 3056 952 3122 de
967 3056 1070 3122 studio
1092 3058 1245 3124 bonarum
1259 3056 1445 3136 litterarum,

248 3168 318 3232 quse
333 3169 406 3211 eum
417 3145 537 3299 &tate
551 3144 680 3233 vigebat
700 3144 762 3210 hoc
776 3143 880 3211 seculo
894 3143 930 3209 in
944 3143 1081 3223 Iberrrit,
1103 3143 1138 3208 id
1152 3155 1210 3223 est,
1229 3146 1270 3210 ab
1284 3167 1366 3210 anno
1383 3145 1446 3212 700

246 3232 463 3385 xidesidutis
479 3320 552 3398 768,
579 3332 611 3386 et
633 3317 838 3418 quadriennio
853 3317 978 3384 circiter
991 3331 1072 3406 post,
1089 3341 1198 3418 'ipsum
1212 3341 1286 3383 curn
1301 3317 1446 3384 exercitu

247 3405 403 3472 transiisse
427 3406 463 3472 in
484 3405 620 3486 ltaliam,
645 3406 702 3472 ubi
727 3405 963 3472 infestrssimum
987 3405 1127 3472 ecclesrae
1152 3404 1312 3482 Romanae,
1337 3427 1445 3492 regem

247 3492 505 3593 Longobardum,
522 3492 722 3560 Desideriuro
734 3491 872 3571 nomine,
882 3491 968 3558 bello
982 3491 1085 3581 petiit,
1096 3491 1191 3580 cepit,
1202 3490 1341 3579 privavit
1348 3514 1381 3557 re
1426 3515 1446 3558 o

247 3591 312 3644 tarn
327 3603 431 3668 ipsum
447 3581 541 3668 quhm
555 3591 703 3668 posteros.
749 3578 880 3646 Carolus
894 3579 995 3645 victor
1008 3601 1150 3645 reversus
1170 3577 1204 3643 in
1220 3577 1348 3656 Gallias,
1371 3602 1389 3644 c
1413 3602 1444 3644 m

247 3678 357 3818 qacata
371 3666 434 3732 fere
449 3667 554 3733 omnia
567 3679 679 3744 essent,
696 3667 845 3767 <excepto
859 3664 987 3766 regione
1003 3665 1165 3731 Saxonum
1197 3664 1335 3752 cogitare
1340 3664 1446 3817 fflii

269 3752 406 3820 estudio
420 3755 572 3820 bonarum
588 3753 833 3842 disciphnarum,
849 3754 963 3839 quibus
977 3751 1042 3841 ipse
1057 3765 1123 3818 orat
1177 3751 1289 3830 dictus,
1304 3751 1339 3816 in
1410 3777 1445 3818 u·

497 3231 624 3298 Christi.
669 3233 800 3300 Constat
822 3231 971 3298 carolum
992 3255 1143 3331 magnam
1165 3230 1295 3319 ooepisse
1316 3254 1446 3318 regnare

246 3840 347 3908 eendo
361 3840 396 3905 in
410 3864 480 3907 suas
494 3839 629 3907 ditiones
651 3851 785 3930 pacatas,
807 3840 910 3926 deque
927 3839 1083 3925 jaciendis
1097 3837 1307 3904 fundamentis
1320 3829 1448 3906 Acade·

246 3926 317 3993 miae
332 3927 525 3994 Parisiensis.
570 3927 730 3994 Ooeterum
745 3926 808 3993 suis
822 3925 1064 4028 cogitationibus
1086 3927 1206 3993 obstare
1220 3937 1370 4014 expertus
1386 3937 1443 4005 est,

246 4013 349 4081 nullos
364 4039 408 4094 se,
433 4015 469 4080 in
483 4014 545 4081 suis
569 4015 675 4103 regnis
700 4013 823 4081 novisse
838 4037 920 4080 viros
935 4013 1054 4093 doctos,
1076 4012 1131 4100 qui
1152 4012 1326 4079 litterarum
1341 4013 1445 4080 studia

245 4100 298 4166 vel
312 4100 382 4168 aliis
395 4101 591 4189 persuadere,
605 4101 660 4168 vel
674 4101 701 4167 si
715 4101 946 4190 persuaderent,
958 4123 1143 4188 promovere
1157 4113 1283 4190 possent
1296 4099 1443 4189 inempta.

247 4187 302 4252 Ex
317 4187 446 4256 Ibernia
459 4188 591 4277 proinde
612 4201 690 4255 tunc
711 4187 860 4276 temporis
883 4187 1009 4275 optimis
1023 4186 1135 4253 studiis
1155 4186 1296 4253 exercitt
1318 4209 1444 4254 necesse

245 4273 307 4342 fuit
328 4274 487 4376 proficisci
509 4275 543 4340 in
568 4275 697 4356 Gallias,
718 4275 760 4340 ad
784 4273 945 4374 Oarolnm,
966 4273 1022 4375 qui
1043 4274 1144 4375 gratis
1159 4286 1192 4340 et
1215 4297 1295 4363 puro
1314 4272 1389 4354 Dei,
1411 4287 1445 4340 et

244 4383 463 4455 propnmorurn
473 4385 578 4429 amore
589 4363 677 4443 moti,
687 4361 820 4452 optimas
830 4383 913 4450 regn
923 4373 1128 4449 cogitatrones
1135 4385 1170 4426 m
1179 4384 1246 4426 rem
1254 4360 1446 4439 conferrent,

246 4459 283 4513 ut
295 4461 463 4538 cognoscet
475 4449 574 4516 lector
587 4475 630 4517 ex
643 4449 795 4517 relatione
806 4447 958 4514 Monaohi
969 4447 1178 4536 sangallensis
1194 4448 1266 4548 <qui
1280 4447 1362 4535 pene
1376 4470 1443 4512 rem

244 4536 885 4711 e,
897 4533 1443 4690 Ρ

244 4709 355 4774 mundi
378 4671 518 4798 partibui
532 4711 615 4776 solus
628 4733 759 4800 regnare
780 4711 933 4800 coepisset,
958 4722 990 4775 ot
1004 4709 1107 4776 studia
1129 4707 1302 4773 litterarum
1324 4704 1442 4792 ubique

244 4819 341 4886 propo
356 4799 486 4864 modum
509 4811 610 4866 essent
625 4799 658 4864 in
681 4797 850 4880 oblivione,
872 4796 1006 4886 contigit
1027 4795 1104 4864 duos
1127 4795 1235 4863 Scotos
1250 4793 1290 4862 de
1305 4793 1444 4873 Ibamu-
