3772 6008
303 745 306 752 ’
398 741 438 820 76
744 773 923 821 aruncum
939 772 1010 820 rso
1026 771 1212 819 ursanum.
1433 753 1524 842 [car.
1541 773 1591 818 vr.

396 927 469 992 berl
492 950 555 990 non
570 927 701 1005 miraris,
724 929 778 994 sed
792 928 904 994 rationi
920 951 1090 994 consonum
1106 925 1273 1002 arbitraris,
1295 926 1321 990 si
1338 925 1450 992 Martis
1472 928 1592 1027 potissi·

397 1037 485 1077 mum
509 1014 571 1091 die,
595 1013 707 1079 martia
732 1016 859 1102 negotia
884 1014 1107 1103 perficiantur?
1138 1013 1218 1079 ratio
1231 1012 1291 1079 tibi
1311 1013 1412 1078 adfuit
1425 1013 1593 1082 christiana

396 1101 455 1164 ista
470 1099 627 1179 scribenti,
654 1124 694 1166 an
715 1102 841 1167 ethnica
865 1125 935 1188 quae
951 1102 1086 1167 Martem
1109 1101 1215 1179 deum,
1237 1099 1411 1188 praesidem,
1434 1115 1591 1166 auctorem

397 1187 550 1252 bellorum
566 1200 598 1252 et
620 1203 898 1254 consummatorem
924 1189 1037 1266 aiebat,
1060 1187 1241 1253 adversante
1263 1187 1350 1251 recta
1370 1187 1490 1252 ratione
1504 1189 1592 1252 omni

397 1285 431 1338 et
444 1273 586 1352 veritate,
611 1297 680 1359 quae
695 1275 807 1341 eodem
832 1275 901 1342 loco
915 1275 1052 1342 Martem
1066 1297 1188 1361 semper
1209 1272 1321 1339 habuit
1337 1296 1399 1359 quo
1421 1272 1591 1350 diabolum,

398 1372 453 1426 aut
468 1359 573 1426 Deum
587 1360 719 1426 fictum?
741 1362 786 1427 Et
799 1375 836 1426 tu
849 1375 955 1428 tamen
979 1364 992 1450 (
1016 1361 1086 1426 lane
1100 1372 1136 1426 ut
1151 1359 1230 1424 mihi
1250 1359 1431 1448 persuadeo,
1453 1383 1517 1426 non
1532 1360 1592 1426 tibi

397 1447 491 1534 plene
507 1470 651 1535 praesens,
666 1461 703 1512 ut
716 1449 856 1514 minuam
870 1447 924 1515 vel
945 1386 1084 1514 molliam
1099 1447 1123 1512 si
1165 1470 1268 1512 ossum
1282 1459 1337 1511 tua
1357 1447 1434 1511 dure
1454 1447 1594 1512 sonantia

396 1535 507 1634 verba)
524 1534 588 1599 diei
604 1534 714 1600 Martis
728 1536 933 1623 potissimum,
945 1558 1000 1600 seu
1011 1534 1119 1634 potibs
1129 1471 1199 1599 lieo
1212 1533 1309 1598 Marti
1320 1532 1538 1610 Ethnicorum,
1561 1533 1592 1598 Ο

395 1619 573 1699 christiane,
604 1621 716 1686 tribuis
742 1623 891 1688 virtutem
915 1622 1106 1710 peculiarem
1129 1644 1164 1684 su
1187 1644 1221 1685 ra
1247 1621 1324 1685 alios
1350 1619 1426 1698 dics,
1457 1633 1490 1684 et
1519 1620 1593 1685 deos

397 1707 651 1772 Hebdomadales
665 1707 705 1773 ad
719 1710 889 1788 tractanda,
913 1707 1109 1796 auspicanda,
1133 1643 1267 1772 feiiciter
1281 1706 1525 1772 consummanda
1539 1731 1593 1770 nc·

398 1793 485 1881 gotia
499 1794 624 1873 Martia,
648 1795 688 1860 ad
710 1795 876 1884 capiendas
889 1795 1005 1861 urbes?
1035 1806 1067 1859 et
1087 1793 1207 1860 nullam
1222 1793 1257 1858 in
1270 1793 1321 1858 his
1342 1792 1435 1858 dictis
1451 1793 1593 1880 agnoscis

398 1880 672 1968 superstitionem?
716 1881 803 1962 Ote,
826 1883 852 1948 ai
872 1906 936 1947 non
956 1881 1107 1969 agnoscis,
1129 1904 1257 1960 caecnm,
1280 1893 1384 1945 mente
1398 1893 1535 1979 captum,
1558 1880 1593 1943 in

397 1967 553 2055 profundo
568 1966 794 2055 superstitionis
807 1969 1005 2035 immersum!
1043 1969 1088 2033 Et
1101 1981 1143 2045 te,
1158 1966 1352 2054 theologum,
1368 1966 1592 2044 doctissimum,

400 2053 653 2133 eruditissimum,
724 2056 886 2122 vissimum
900 2055 1081 2154 scriptorem
1097 2068 1130 2119 et
1143 2053 1335 2131 historicum,
1349 2053 1414 2118 ausi
1429 2066 1502 2118 sunt
1516 2077 1593 2118 non·

399 2141 480 2205 nulli
495 2141 645 2206 salutarel
711 2165 752 2207 on
775 2142 929 2222 fecissent,
954 2165 980 2206 s1
1002 2155 1034 2206 te
1048 2141 1206 2206 novissent
1220 2140 1332 2205 melibs
1347 2152 1401 2204 aut
1422 2139 1593 2217 scivissent,

401 2227 483 2292 inter
497 2227 573 2294 alios
587 2241 656 2293 tuos
671 2253 776 2294 naevos
788 2253 852 2293 non
866 2229 998 2294 defuisse
1013 2239 1162 2305 mentem,
1184 2226 1236 2293 vel
1255 2227 1364 2292 saltem
1379 2228 1476 2292 verba
1489 2249 1593 2313 super-

398 2313 527 2393 stitiosa,
553 2339 623 2400 quae
648 2314 761 2381 laedere
782 2330 918 2406 possent,
941 2328 973 2380 et
987 2315 1091 2403 pravis
1104 2313 1246 2380 imbuere
1262 2312 1473 2401 opinionibus,
1496 2313 1592 2392 leves,

401 2401 456 2488 qui
471 2401 530 2467 tibi
546 2401 679 2467 credunt
692 2403 832 2468 lectores.

444 2487 608 2573 Quisqam,
628 2501 661 2554 te
676 2490 798 2556 tantum
820 2489 868 2556 bis
882 2489 916 2553 in
936 2487 1168 2590 superstitiones
1182 2487 1265 2566 istas,
1287 2497 1320 2552 et
1333 2485 1407 2551 ferri
1428 2485 1520 2574 igniti
1535 2497 1594 2550 sta·

402 2574 542 2640 bilientis
555 2575 734 2641 instabilem
748 2575 892 2653 insulam,
908 2589 941 2641 et
955 2575 1020 2641 drei
1035 2574 1146 2640 Martis
1161 2572 1349 2640 moderantis
1363 2571 1455 2650 belle,
1471 2573 1593 2671 lapsum

401 2659 618 2749 suspicabitur,
633 2661 766 2727 falletur.
828 2662 949 2762 Saepius
963 2686 996 2728 es
1010 2663 1114 2750 lapsus
1127 2661 1162 2725 in
1177 2661 1261 2740 alias,
1277 2682 1408 2746 quarum
1423 2681 1592 2748 specrmen,

398 2748 426 2813 si
442 2748 512 2834 quis
532 2748 637 2836 legere
652 2749 807 2815 stridere
821 2761 938 2838 cuprat,
961 2749 1052 2815 adeat
1066 2762 1155 2813 tuum
1170 2747 1379 2823 Itinerarium,
1400 2745 1455 2811 lib.
1473 2747 1502 2824 1,
1525 2769 1594 2832 cap.

405 2837 463 2914 11;
486 2836 571 2900 unde
587 2835 744 2922 conjiciet,
760 2849 895 2922 quantus
919 2835 1109 2924 quantopere
1124 2835 1292 2901 admirator
1305 2833 1399 2898 fueris
1414 2845 1446 2897 et
1466 2831 1595 2898 credens

402 2921 585 3010 aruspicium
607 2921 743 3002 illorum,
766 2947 843 3010 quos
857 2923 938 2988 nosti
953 2937 985 2989 et
1004 2921 1158 3001 nominas,
1181 2933 1213 2987 et
1226 2920 1373 3008 exempla
1393 2931 1527 3004 quatuor
1541 2930 1596 2983 aut

402 3008 562 3094 quinque·
585 3009 681 3074 uadis
701 3010 894 3089 eorumdem,
916 3011 992 3075 dum
1012 3019 1034 3050 “
1047 3009 1081 3073 in
1096 3007 1187 3074 annis
1202 3007 1334 3073 arietum
1349 3005 1479 3084 dextris,
1502 3027 1595 3071 earne

403 3095 538 3172 nudatis,
550 3118 614 3160 non
625 3095 697 3160 assis
711 3096 767 3161 sed
777 3096 882 3172 elixis,
893 3109 957 3162 tam
972 3096 1076 3161 futura
1090 3095 1265 3183 prospicere
1280 3095 1374 3179 qubm
1386 3092 1551 3180 praeterita,
1563 3105 1596 3155 et

403 3193 477 3246 ante
498 3181 659 3269 incognita
680 3182 773 3269 longe
795 3183 1015 3269 praeviderunt,
1037 3181 1201 3270 praesentia
1222 3203 1347 3268 quoque
1369 3191 1431 3243 tem
1455 3201 1518 3254 ore,
1540 3178 1597 3242 sed

404 3267 475 3332 loco
490 3267 638 3347 absentia,
655 3268 743 3354 quasi
756 3269 941 3356 prophetico
979 3269 1092 3334 uodam
1107 3269 1229 3357 spiritu,
1250 3281 1313 3331 arte
1328 3202 1469 3329 miranda
1483 3287 1597 3351 cogno-

403 3377 495 3431 vere;
509 3354 595 3442 pacis
610 3366 642 3420 et
656 3379 776 3442 guerrae
791 3355 889 3455 signa,
911 3293 1011 3421 caedes
1032 3369 1064 3421 et
1077 3355 1232 3432 incendia,
1247 3350 1415 3418 domestica
1429 3349 1591 3428 adulteria,

404 3464 439 3505 re
464 3440 488 3506 's
502 3453 628 3519 statum,
652 3442 760 3519 vitam,
784 3443 916 3521 obrtum,
938 3441 1122 3508 rimularum
1145 3439 1348 3527 quarumdam
1363 3448 1396 3503 et
1415 3435 1593 3501 notularum

405 3465 540 3606 indiciis,
556 3529 735 3608 certissime,
751 3528 865 3630 inquis,
881 3529 1102 3594 declaravere?
1145 3529 1228 3593 Item
1249 3526 1324 3590 dum
1338 3522 1440 3608 refers
1454 3536 1486 3588 et
1499 3522 1596 3587 admi-

405 3615 482 3679 raris
497 3615 604 3694 alium,
620 3640 714 3702 quem
729 3628 809 3681 nostr
824 3629 857 3681 et
870 3616 1012 3682 nominas
1027 3614 1235 3682 Guiliclmum
1251 3610 1437 3698 Munguncl,
1452 3611 1596 3674 unicum

407 3725 507 3767 uxore
532 3702 567 3767 in
596 3703 728 3791 prandio
759 3715 946 3792 augurantes
967 3716 999 3769 et
1020 3701 1216 3780 hariolantes,
1240 3712 1272 3765 et
1295 3712 1332 3763 ut
1357 3696 1400 3762 ais
1430 3707 1449 3736 “
1463 3695 1596 3772 oracula,

406 3787 599 3875 nimiamque
612 3790 777 3856 veritatem
791 3790 1007 3879 proferentes.’'
1049 3790 1100 3855 De
1109 3788 1240 3855 admisso
1256 3811 1273 3850 a
1288 3783 1423 3872 quodam
1435 3782 1598 3860 adulteria,

408 3889 442 3939 et
455 3899 559 3940 coram
583 3877 810 3964 prandentibus
832 3877 1002 3966 propalato,
1024 3889 1057 3942 et
1077 3877 1141 3942 und
1162 3873 1347 3939 nominatim
1368 3871 1508 3936 adultera
1529 3893 1599 3956 quae

299 4013 304 4032 .
410 3961 526 4041 aderat,
542 3976 575 4028 et
589 3964 730 4030 adultero
746 3965 801 4050 qui
815 3964 895 4030 forte
910 3964 985 4029 hinc
1000 3965 1122 4042 aberat3
1146 3984 1215 4048 quae
1230 3959 1335 4025 omnia
1349 3957 1443 4023 etiam
1459 3958 1498 4023 ad
1513 3956 1601 4044 igno·

409 4048 539 4113 miniam
560 4049 720 4137 publicam
742 4051 900 4138 aruspicis,
923 4063 1113 4139 cognoverat
1132 4063 1263 4134 uterque
1285 4069 1327 4111 ex
1341 4045 1543 4132 inspectione,
1564 4056 1602 4107 ut

409 4135 525 4221 inquis,
548 4145 568 4175 “
581 4137 669 4214 armi,
685 4137 789 4204 arietis
803 4138 919 4227 sumpti
934 4161 976 4204 ex
991 4138 1067 4204 ovili
1082 4135 1207 4226 proprio
1229 4135 1320 4220 (num
1334 4131 1392 4196 ista
1403 4131 1600 4196 circumstan-

410 4221 455 4287 tia
468 4221 550 4288 inter
563 4223 739 4289 essentiales
753 4225 876 4313 augurii
897 4237 1119 4291 annumeratur
1125 4222 1155 4309 ?)
1179 4220 1233 4287 sed
1244 4242 1304 4320 per
1317 4217 1467 4300 vicinum,
1483 4229 1600 4314 tamen,

407 4312 534 4375 'conscio
549 4309 722 4376 Guilielmo
738 4322 770 4376 et
784 4310 881 4378 inscia
896 4336 1006 4392 uxore,
1021 4310 1107 4400 pribs
1121 4309 1155 4374 in
1168 4307 1307 4373 medrum
1324 4305 1427 4381 allato,
1443 4315 1475 4368 et
1488 4301 1602 4401 derude

411 4420 484 4462 curn
498 4396 652 4463 consuetis
665 4398 849 4463 ceremoniis
870 4398 910 4464 ad
925 4399 1091 4485 coquinam
1111 4394 1296 4471 transmiss0,
1311 4404 1344 4456 et
1364 4389 1475 4456 eodem
1490 4388 1541 4452 dre
1563 4385 1603 4451 ad

410 4483 577 4572 prandium
591 4483 666 4549 inde
681 4483 849 4564 afferendo,
864 4509 927 4550 non
942 4500 1050 4562 assato,
1066 4485 1120 4551 sed
1132 4482 1218 4548 elixo
1234 4492 1323 4545 cocto
1333 4489 1365 4542 et
1373 4499 1433 4564 pur
1472 4487 1503 4539 to
1516 4495 1601 4539 armo

412 4585 445 4637 et
459 4595 525 4638 osse
539 4569 650 4650 illius,”
665 4581 724 4636 etc.
768 4570 856 4636 Dum
871 4571 966 4638 stiam
981 4573 1101 4651 recitas,
1117 4569 1241 4636 cuidam
1256 4565 1348 4632 fuisse
1370 4573 1390 4603 ‘⁶
1401 4565 1441 4628 ob
1454 4572 1540 4626 atram
1556 4581 1601 4622 ar·

445 4790 460 4820 ¹
479 4788 521 4838 Aa
539 4801 598 4851 qun
616 4763 706 4839 audita
716 4785 790 4836 rude
809 4744 946 4838 mirabitur
965 4787 1086 4839 incautus
1103 4790 1130 4838 et
1140 4785 1246 4848 ignarus
1265 4779 1311 4830 illa
1326 4776 1412 4829 omnia
1430 4788 1501 4826 mars
1512 4785 1566 4825 esse
1577 4777 1605 4824 et

414 4856 551 4906 nranilesta
562 4854 675 4905 ludum
684 4853 790 4904 diaboli.
