3736 6054
745 752 926 800 arctoum
947 751 1018 798 rao
1042 749 1230 796 stannum.
1436 730 1528 819 [car.
1545 749 1582 795 11.

908 1539 1007 1606 OAP.
1032 1541 1076 1606 11.

389 1754 474 1818 Quum
484 1753 589 1820 indigos
601 1755 696 1806 mutiat
706 1759 735 1806 et
744 1755 841 1810 scribat
855 1754 986 1820 Gyrnldus
1005 1755 1037 1806 de
1056 1753 1161 1806 eduis
1180 1759 1207 1806 ct
1225 1753 1315 1806 multis
1332 1754 1427 1806 uncus
1445 1770 1510 1820 quos
1530 1758 1586 1822 ipss

420 1822 515 1885 passim
526 1830 553 1872 et
564 1821 665 1885 publici
676 1821 747 1872 colit.

389 2012 538 2078 Vidimus
552 2023 588 2077 ut
600 2011 740 2100 Gyraldo
752 2010 977 2088 auctoritatem,
989 2010 1118 2096 ejusque
1130 2009 1221 2074 dictis
1235 2021 1268 2075 et
1280 2010 1401 2098 scriptis
1417 2009 1521 2088 fidem,
1534 2011 1587 2078 vel

389 2100 457 2187 ipso
473 2113 561 2176 toste,
577 2097 763 2185 denegarint
777 2109 932 2182 quotquot
946 2095 1020 2174 fere,
1036 2097 1147 2163 eodem
1162 2095 1265 2162 adhuc
1280 2096 1483 2177 vivente,an
1498 2098 1588 2163 vide-

389 2199 472 2263 runt,
495 2183 668 2262 audierant,
697 2183 852 2270 legerunt,
882 2196 915 2248 ct
943 2183 1007 2247 unt
1035 2207 1109 2248 cum
1138 2196 1263 2249 auctore
1288 2183 1409 2250 labores
1434 2198 1467 2250 et
1492 2210 1511 2250 o
1553 2210 1588 2252 ra

389 2271 559 2348 irriserunt,
575 2283 836 2357 contempserunt.
882 2269 984 2355 siqui
998 2271 1072 2335 vero
1088 2269 1197 2336 nostris
1211 2270 1299 2336 annis
1313 2271 1400 2359 prius
1411 2272 1510 2360 Gyml
1532 2297 1588 2338 um

387 2355 1588 2532 ttdttfflttdt‘itifflttttttfiffidiffidati&

387 2494 580 2606 habuerunt:
591 2555 654 2616 quo
670 2529 747 2595 olim
760 2553 816 2595 suo
831 2543 970 2618 tempore
984 2555 1003 2595 a
1016 2529 1172 2619 plerisque
1186 2493 1299 2619 passim
1321 2544 1386 2596 tam
1407 2533 1471 2597 suis
1493 2534 1588 2619 quam

389 2617 548 2684 extraneis
561 2617 705 2696 habitus3
727 2615 877 2682 nimirum
913 2641 948 2682 ro
959 2616 1108 2705 scriptore
1129 2618 1285 2696 mordscc,
1306 2617 1473 2698 maledico,
1493 2619 1587 2685 male·

390 2705 463 2771 volo
477 2705 702 2772 ctfabulatore.
746 2703 858 2792 Neque
869 2641 912 2770 id
919 2703 1006 2791 quod
1019 2703 1125 2783 sciam,
1136 2718 1226 2770 extat
1236 2704 1331 2771 homo
1346 2706 1518 2774 catholicus
1554 2705 1588 2772 ui

390 2791 567 2881 Gyraldum
581 2793 695 2859 audent
708 2789 820 2856 merito
836 2791 937 2856 locare
952 2790 1004 2855 vel
1017 2792 1100 2856 inter
1113 2805 1283 2880 postremos
1296 2793 1385 2859 bonae
1400 2805 1493 2873 notae,
1513 2731 1589 2860 fidei

388 2880 551 2968 scriptores
572 2879 639 2945 sive
660 2879 833 2957 historicon,
854 2879 920 2944 sive
942 2877 1048 2943 theolo
1070 2901 1113 2956 os,
1136 2876 1202 2943 siva
1223 2877 1434 2966 philosophos,
1456 2881 1523 2946 sive
1545 2878 1585 2944 de
1611 2867 1620 2889 ⁸

389 2967 451 3032 alia
479 2967 546 3032 ulls
573 2966 696 3032 liberali
724 2965 856 3032 scientis
883 2965 966 3032 ulus
993 2989 1026 3030 m
1069 2965 1241 3032 'mnam
1270 2963 1421 3034 laudatos
1487 2965 1586 3032 Illum

389 3053 529 3119 haeretici
544 3077 616 3118 cum
637 3054 777 3141 ipsorum
799 3053 907 3129 Baleo,
923 3051 1075 3130 Lelsndo,
1091 3051 1235 3129 Levidio,
1259 3051 1430 3130 Camdeno,
1453 3052 1540 3139 quod
1553 3065 1587 3118 et

390 3137 621 3226 quantumlibet
642 3139 821 3238 suspiciant,
844 3163 880 3204 ac
899 3138 939 3204 de
962 3138 1112 3204 raedicent
1124 3137 1206 3203 nihil
1220 3161 1338 3217 moror3
1360 3162 1423 3204 non
1445 3153 1492 3206 est
1512 3163 1588 3206 vers

391 3227 467 3303 lam,
483 3225 538 3292 scd
553 3249 662 3292 verum
677 3224 869 3311 vrtuperium
883 3163 1004 3290 landari
1021 3225 1061 3290 ab
1082 3224 1240 3306 illaudatis
1262 3239 1356 3312 atque
1377 3249 1528 3315 perversae
1550 3240 1588 3294 ut

392 3311 467 3377 fidei
481 3312 526 3378 ita
540 3325 572 3377 et
582 3311 697 3396 judicii
711 3310 797 3376 viris.
1587 3367 1589 3370 .

434 3398 591 3484 Caeterum
613 3398 698 3483 quod
720 3397 791 3497 plus
812 3395 961 3484 ponderis
980 3395 1100 3462 caeteris
1121 3398 1359 3486 probationibus
1374 3397 1490 3466 habere
1506 3399 1587 3466 solet

392 3485 433 3550 ad
458 3485 673 3551 auctoritatem
699 3483 833 3550 dicentis
857 3482 1078 3563 damnandam,
1099 3496 1132 3552 et
1153 3485 1194 3550 ad
1215 3483 1311 3552 fidem
1326 3485 1418 3552 dictis
1437 3487 1587 3575 abrogau-

393 3573 479 3648 dum,
503 3571 712 3661 producamus
734 3569 882 3658 deinceps
904 3571 939 3636 in
963 3569 1115 3649 medium,
1141 3586 1174 3636 et
1198 3572 1318 3638 cordati
1342 3572 1467 3638 lectoris
1490 3573 1589 3640 oculis

391 3659 593 3746 subjiciamus
627 3673 721 3745 atque
756 3657 892 3737 auribus,
925 3656 1023 3748 ipsius
1046 3657 1179 3745 Gyraldi
1201 3657 1317 3748 scripta
1337 3683 1401 3725 non
1421 3684 1532 3748 pauca,
1555 3673 1588 3726 et

393 3747 499 3824 verba,
515 3769 585 3832 quae
639 3746 703 3810 lani
718 3745 863 3844 adversus
882 3757 1041 3845 auctorem
1063 3768 1165 3823 snum,
1180 3745 1358 3845 testimonia
1371 3746 1588 3848 ferantmagis

392 3831 1011 4017 ttttttrtttmitttfftdd,
1025 3831 1588 3988 ttffii‘sddttttffitt

393 4018 523 4083 sanctos,
540 4029 617 4092 quos
632 4006 684 4095 pie
700 4005 813 4094 passim
834 4018 867 4070 ct
887 4004 1015 4094 pubhce
1036 4004 1104 4093 ipsa
1125 4019 1300 4072 veneratur.
1344 4005 1400 4070 Ad
1424 4031 1494 4094 quse
1508 4007 1588 4075 bles·

416 4092 510 4158 hema
523 4107 560 4157 ut
574 4092 722 4158 videntur
735 4094 840 4170 verba,
856 4116 920 4158 non
935 4091 1031 4158 semel
1046 4093 1193 4180 abreptus
1206 4092 1268 4158 fuit
1281 4093 1364 4158 meld
1378 4107 1487 4160 cautus
1496 4093 1588 4160 Cam·

393 4117 511 4244 irensis
524 4179 658 4268 ingenti,
684 4179 770 4267 quod
793 4179 861 4267 ipse
875 4180 939 4246 ferd
954 4177 1075 4264 ubique
1089 4179 1194 4267 prodit
1209 4179 1291 4258 odio,
1315 4205 1461 4248 aversore
1483 4181 1588 4247 animo

394 4291 457 4352 quo
473 4266 629 4332 ferebatur
642 4266 676 4332 in
690 4290 816 4345 nomeu,
831 4266 1002 4344 nationem,
1017 4281 1137 4332 sanctos
1151 4265 1260 4332 insulae
1276 4267 1427 4346 Ibernias3
1442 4281 1480 4333 ut
1494 4267 1589 4356 pluri-

395 4354 454 4419 bus
468 4377 525 4419 suo
538 4353 573 4417 in
587 4353 657 4418 loco
671 4351 879 4440 producendis
893 4378 911 4419 a
924 4375 976 4418 me
998 4353 1153 4441 exemplis
1175 4353 1324 4441 perpicne
1344 4369 1512 4442 cognoscet
1533 4355 1589 4441 qui
1672 4371 1675 4376 “

395 4439 489 4505 volet.
536 4439 600 4505 Sed
614 4438 776 4505 videamus
791 4439 937 4525 obloquia
952 4439 1084 4526 Gyraldi
1106 4441 1147 4504 de
1169 4440 1301 4506 ecclesia
1315 4455 1347 4507 et
1368 4441 1492 4508 sanctis.
1551 4442 1590 4506 In

417 4525 576 4592 russatione
602 4525 812 4591 distinctionis
835 4525 980 4592 secundis
1007 4524 1239 4614 Topogrsphiae
1260 4551 1324 4594 suae
1354 4527 1522 4629 pollicetur
1541 4529 1589 4595 sui

395 4551 503 4681 iictori
518 4612 552 4677 in
568 4613 635 4679 haec
649 4612 760 4678 verba:
784 4621 802 4651 “
816 4636 859 4678 ex
881 4612 931 4677 his
953 4634 1022 4697 quae
1037 4635 1093 4700 per
1108 4636 1141 4677 se
1155 4611 1307 4696 miranda,
1323 4639 1432 4702 surque
1448 4616 1590 4682 novitate

394 4701 563 4790 conspicua
577 4701 611 4766 in
632 4699 682 4764 his
702 4711 853 4764 terrarum
877 4696 1043 4799 (ibernia)
1067 4697 1181 4765 finibus
1196 4715 1306 4768 natura
1319 4727 1352 4768 ro
1376 4703 1468 4782 osuit,
1484 4727 1526 4769 ex
1541 4703 1591 4768 his

394 4788 489 4855 etiam
515 4812 585 4876 quae
612 4798 788 4854 sauctorum
814 4786 932 4854 mentis
958 4784 1083 4874 egregie
1109 4787 1212 4868 nimis,
1236 4803 1268 4856 et
1293 4727 1385 4858 valde
1408 4791 1590 4858 miraculoso
