3772 6008
284 809 365 858 cnr.
379 789 429 880 v.]
636 806 817 856 aroucam
838 807 909 856 rao
931 807 1119 856 umanum.
1434 793 1474 856 69

282 966 317 1032 in
332 963 447 1044 Gauio,
463 975 496 1031 et
510 962 697 1030 Bobiensem
713 963 748 1028 in
764 962 867 1041 Italia,
882 961 964 1027 ubsti
980 964 1066 1046 (nam
1089 961 1168 1050 legis
1187 964 1255 1049 ejus
1270 963 1367 1028 vitam
1382 962 1478 1052 scrip·

284 1065 349 1119 tam
364 1077 384 1118 a
396 1053 489 1118 beato
502 1052 525 1118 J
526 1055 587 1116 ont
600 1049 722 1130 abbate,
738 1049 864 1128 Iberno,
875 1049 1028 1137 discipulo
1043 1049 1243 1129 columbani,
1258 1073 1328 1136 quae
1342 1063 1478 1116 stertat

284 1139 370 1229 apud
393 1139 532 1216 Surium,
547 1151 623 1204 tom.
648 1139 696 1225 6),
721 1149 832 1202 natum
857 1136 892 1201 in
913 1135 1041 1206 Ibernid
1061 1147 1132 1226 post
1153 1160 1271 1202 annum
1284 1135 1339 1202 sal.
1355 1138 1429 1215 500,
1445 1149 1478 1202 et

284 1237 443 1293 mortuum
457 1224 492 1290 in
506 1223 600 1290 latit
613 1224 705 1289 valde
728 1247 834 1290 senem
855 1223 939 1290 circa
959 1247 1076 1288 annum
1099 1225 1173 1303 619,
1195 1223 1236 1290 ad
1257 1225 1298 1290 21
1321 1223 1478 1292 Novcmb.

283 1313 389 1392 Nunc,
421 1312 508 1377 rudis
539 1333 642 1376 annon
666 1309 761 1376 fuerit
782 1310 867 1376 hisce
890 1309 981 1376 annis'
999 1323 1032 1376 et
1052 1311 1157 1376 seculo
1179 1309 1328 1378 Ibernia?
1350 1311 1423 1376 cium
1444 1309 1478 1376 in

284 1398 471 1465 rudimentis
486 1397 562 1464 fidei
576 1409 610 1464 et
622 1396 783 1485 religionis
798 1409 892 1550 atque
907 1397 1088 1478 honestatis,
1110 1411 1179 1464 tum
1192 1397 1227 1464 in
1248 1396 1359 1464 studiis
1380 1395 1480 1462 scien·

285 1485 400 1552 tiaram
416 1486 615 1574 optimarum,
630 1483 716 1550 dicet
732 1483 822 1550 vobis
858 1507 942 1558 onas,
958 1484 1013 1572 qui
1034 1484 1132 1549 vitam
1153 1484 1202 1550 sui
1223 1484 1364 1572 magistri
1385 1483 1479 1583 scrip·

284 1584 375 1651 serat,
390 1572 473 1638 circa
487 1593 604 1638 annum
617 1571 673 1636 sal.
688 1572 768 1648 614;
791 1570 835 1637 sic
849 1570 904 1650 ait,
915 1595 983 1660 cap.
995 1573 1032 1637 2:
1054 1580 1075 1611 “
1088 1570 1479 1639 Columbanmmlbemrd

286 1671 371 1726 ortus
384 1671 431 1725 est
444 1659 558 1736 insule,
573 1655 608 1722 in
622 1669 766 1724 extremo
780 1657 838 1724 sita
848 1681 975 1737 oceano,
988 1682 1081 1744 quam
1095 1657 1260 1724 Scotorum
1271 1681 1348 1746 gens
1358 1657 1478 1722 incolit.

287 1746 383 1824 Gens,
399 1767 589 1831 quamquam
603 1756 783 1810 ceterarum
797 1743 943 1833 gentium
957 1745 1081 1833 legibus
1095 1769 1213 1824 carens,
1229 1758 1366 1812 attamen
1380 1743 1479 1810 chris·

286 1833 380 1901 tianae
393 1829 553 1920 religionis
567 1831 714 1918 dogmate
728 1829 851 1911 florens,
866 1831 911 1896 ita
932 1844 969 1898 ut
990 1831 1131 1898 omnium
1146 1832 1321 1898 vicinarum
1335 1831 1480 1920 gentium

288 1918 488 2008 (Britanniae,
504 1917 628 1998 Gallie,
643 1918 719 2004 etc.)
742 1917 839 1984 fidem
860 1918 1005 1984 excellat.
1048 1920 1088 1984 In
1110 1924 1148 1985 ed
1169 1932 1261 1984 natus
1282 1931 1329 1985 est
1350 1917 1479 1984 Colum-

286 2006 398 2085 banus,
419 2005 502 2072 inter
525 2005 593 2093 ipsa
620 2003 687 2072 illic
716 2003 791 2070 fidei
818 2004 973 2072 nascentis
1000 2005 1199 2094 primordia*
1220 2017 1258 2071 ut
1281 2005 1360 2072 fides
1385 2028 1480 2091 quam

288 2092 402 2182 partim
428 2091 641 2158 infecundam
664 2115 742 2180 gens
765 2091 821 2157 illa
839 2091 985 2171 habebat,
1009 2094 1077 2179 ejus
1099 2106 1132 2159 et
1156 2093 1311 2159 sociorum
1334 2091 1479 2158 exhorta-

286 2179 423 2246 tionibus
448 2179 633 2264 culturaque
655 2178 747 2246 uberi
769 2177 1025 2246 fecundaretur.”
1079 2180 1191 2258 Vides,
1206 2205 1226 2245 o
1252 2179 1405 2246 Oamberl
1439 2203 1479 2244 an

290 2265 470 2334 Christiana
483 2265 562 2332 fides
574 2265 636 2332 hoc
650 2264 767 2345 seculo,
781 2279 852 2353 post
867 2266 900 2332 S.
917 2266 1084 2332 Patritium
1098 2267 1203 2344 fuerit,
1217 2265 1367 2346 floruerit,
1378 2266 1481 2332 serbu-

287 2353 347 2420 erit
373 2353 410 2418 in
434 2353 621 2419 lbernorum
669 2365 741 2419 ente
767 2364 800 2418 et
823 2353 965 2441 populo?
1008 2353 1070 2420 Vis
1094 2353 1201 2420 videre
1224 2377 1301 2422 num
1325 2366 1357 2420 et
1379 2352 1482 2418 studia

288 2439 464 2506 litterarum
478 2439 574 2506 etiam
588 2440 623 2506 in
637 2376 784 2506 leminis?
806 2439 917 2528 Pergit
936 2440 1042 2520 Jonas,
1065 2465 1102 2506 ca
1125 2492 1132 2505 .
1149 2442 1186 2519 3;
1209 2440 1361 2508 “exactis
1382 2437 1481 2504 infan-

288 2527 339 2593 tiae
354 2526 452 2607 annis,
467 2527 541 2593 cbm
555 2525 591 2592 in
611 2526 756 2615 pueritia
777 2539 869 2593 aetate
891 2527 1087 2616 pubesceret,
1101 2465 1287 2594 liberalium
1308 2527 1482 2592 litterarum

287 2613 399 2682 studiis
424 2624 457 2680 et
481 2613 756 2700 grammaticorum
780 2613 891 2680 studiis
917 2638 953 2680 ca
976 2614 1024 2680 aci
1046 2615 1185 2715 iugenio,
1215 2638 1343 2704 operam
1368 2637 1482 2680 navare

288 2701 401 2790 coepit3
423 2699 572 2852 inestque
587 2723 680 2766 omne
694 2699 842 2789 pueritie·
858 2712 891 2766 et
905 2637 1119 2768 adolescentie
1133 2715 1258 2790 tempus
1272 2723 1482 2790 perseverans.

290 2811 389 2875 usque
403 2787 438 2852 in
451 2787 512 2853 viri
525 2811 576 2852 em
590 2799 724 2865 aetatem,
739 2809 812 2852 cum
832 2792 947 2875 magud
968 2787 1065 2854 animi
1086 2788 1284 2854 contentione
1305 2797 1485 2876 prosecutus

291 2885 347 2942 est.
393 2873 458 2942 Sed
481 2875 556 2940 ciam
578 2897 653 2940 eum
677 2873 783 2940 formae
807 2873 973 2963 elegantia,
998 2875 1135 2964 corporis
1165 2875 1290 2952 candor,
1312 2888 1345 2940 et
1369 2872 1485 2939 nobilis

292 2961 438 3051 pubertas
463 2959 538 3046 (fuit
552 2960 637 3026 enim
652 2984 748 3049 nepos
763 2961 859 3048 regis)
882 2961 1028 3028 omnibus
1051 2975 1175 3050 gratum
1198 2962 1353 3040 redderet,
1378 2959 1484 3047 coepit

292 3047 438 3134 antiquus
451 3046 548 3114 hostis
563 3047 597 3112 in
611 3071 685 3114 eum
706 3046 835 3114 laetifera
855 3072 911 3114 saia
931 3048 1109 3134 intorquere
1130 3049 1203 3128 tela,
1225 3061 1377 3135 utquam
1399 3058 1486 3112 tanto

292 3135 439 3201 cernebat
451 3133 570 3222 pollere
583 3133 721 3222 ingenio,
738 3133 800 3200 suis
815 3134 842 3200 si
856 3147 958 3224 posset
978 3136 1114 3202 nexibus
1131 3137 1176 3201 im
1198 3136 1317 3202 licaret.
1360 3135 1486 3222 Aggre-

295 3221 381 3288 ditur
400 3220 500 3310 igitur
525 3220 654 3287 lascivas
667 3221 798 3310 puellas,
821 3221 890 3308 ejus
912 3245 1016 3288 amore
1038 3222 1107 3289 illas
1128 3160 1311 3302 inAEmmat,
1334 3222 1485 3298 maxime,

293 3332 370 3394 ques
398 3308 521 3394 forme„
534 3309 671 3396 corporis
699 3308 926 3397 perfunctorius
955 3309 1059 3389 decor,
1089 3310 1243 3376 horrendo
1272 3308 1426 3376 desiderio
1452 3307 1485 3372 in

293 3396 478 3462 miscrorum
493 3394 611 3460 animos
624 3394 781 3462 insinuare
796 3409 829 3462 et
842 3395 1026 3496 immergere
1041 3397 1129 3464 solet.
1173 3396 1240 3464 Sed
1254 3399 1327 3463 clam
1342 3395 1487 3485 egregius

293 3481 384 3547 miles
397 3494 446 3551 tot
460 3481 601 3581 undiquc
615 3482 686 3547 telis
700 3481 805 3571 appeti
819 3497 853 3548 et
865 3507 970 3571 urgeri
985 3507 1018 3551 sc
1033 3484 1234 3572 conspiceret,
1257 3484 1487 3568 micantemque

294 3567 413 3635 versuti
427 3567 525 3634 hostis
538 3592 633 3634 sacam
647 3569 682 3635 in
695 3593 728 3636 se
750 3568 867 3636 vibrari
890 3583 1039 3651 comeret,
1060 3571 1205 3637 humana
1225 3569 1402 3658 fragilitatis
1423 3592 1489 3634 non

295 3655 432 3744 ignarus,
473 3657 569 3741 quarn
594 3655 658 3722 citb
681 3655 816 3722 labendo
837 3669 1006 3746 mergatur,
1029 3669 1089 3724 etc.
1115 3657 1314 3746 evangelium
1339 3657 1488 3745 clypeum

294 3741 374 3808 laevt
399 3755 518 3821 tenena,
547 3765 715 3828 ensemque
740 3742 910 3832 ancipitem
933 3743 1046 3810 dextrd
1071 3745 1181 3824 ferens,
1205 3759 1313 3810 contra
1338 3743 1490 3815 immanes

294 3827 433 3894 hostium
447 3852 572 3909 cuneos,
588 3829 629 3895 ad
643 3853 782 3918 pugnam
803 3853 836 3895 se
858 3830 1005 3930 accingit,
1027 3855 1067 3897 ne
1089 3831 1232 3897 frustrato
1254 3831 1370 3909 labore,
1393 3852 1488 3916 quem

296 3939 360 3982 non
373 3914 573 3988 mediocriter
586 3916 714 4005 ingenio
735 3917 770 3982 in
792 3916 1014 3996 Grammatrcd,
1037 3918 1217 3996 Rhetorica,
1241 3917 1433 3996 Geometrit,
1456 3927 1489 3982 et

294 4001 370 4090 ipsis
385 4025 510 4090 quoque
525 4001 685 4091 scripturis
699 4002 816 4069 divims
830 4018 1072 4094 consumpserat,
1095 4004 1200 4072 saeculi
1222 4004 1377 4071 illecebris
1398 4027 1489 4070 occu·
1534 4058 1539 4067 .

295 4089 448 4176 paretur.†
490 4087 635 4156 Accessit
650 4103 754 4156 autem
769 4091 809 4156 ad
823 4088 905 4157 hanc
919 4115 996 4170 rem,
1011 4105 1048 4159 ut
1069 4091 1164 4158 etiam
1186 4091 1265 4158 alius
1286 4091 1415 4178 quidem
1437 4090 1490 4154 sti·

295 4175 399 4241 mulus
435 4189 562 4264 urgeret
599 4178 699 4257 ebm;
749 4201 822 4243 cum
858 4177 944 4244 enim
988 4179 1056 4245 hacc
1093 4179 1197 4244 animo
1233 4202 1340 4246 secum
1382 4177 1490 4244 volve-

296 4275 354 4342 rat,
399 4261 440 4328 ad
472 4263 635 4348 cujusdam
666 4263 819 4352 religiosa
851 4288 887 4330 ac
926 4263 996 4332 Deo
1033 4266 1143 4332 dicatae
1180 4265 1304 4331 femina
1343 4263 1490 4331 cellulam

296 4348 412 4428 venit‚‡
434 4349 569 4436 clamque
584 4374 653 4416 eam
667 4350 753 4439 prius
768 4350 920 4418 submisse
941 4376 1019 4418 voce
1035 4352 1205 4432 salutdsset,
1228 4367 1336 4442 postea
1352 4349 1490 4439 juvenili

328 4563 341 4588 ‘
358 4561 426 4614 Nam
437 4577 490 4615 non
499 4564 590 4615 multis
600 4579 728 4616 annorum
738 4565 828 4618 lustris
838 4574 898 4620 ante
909 4571 1001 4620 natum
1013 4568 1203 4620 columbanum
1214 4568 1338 4632 migrarit
1352 4567 1381 4619 in
1396 4566 1489 4619 colum

300 4629 323 4677 a
335 4629 470 4689 Petrinus,
477 4629 620 4694 Apostolus
631 4631 748 4688 laertia.

329 4693 344 4756 †
360 4693 461 4758 ltaque,
475 4695 596 4758 Gyralde,
608 4701 673 4747 tunc
689 4709 742 4746 non
759 4697 876 4748 exulavit
894 4713 927 4748 ax
938 4697 1048 4756 ssIbernib
1066 4712 1150 4762 neque
1169 4697 1211 4748 val
1221 4713 1237 4749 e
1246 4697 1311 4748 laisla
1323 4711 1369 4750 seu
1380 4695 1489 4747 moulari

296 4765 375 4836 genta
398 4759 477 4817 illius,
509 4759 583 4824 (nam
604 4761 689 4811 adhuc
711 4760 793 4812 laicm
818 4764 895 4814 homo
916 4769 973 4815 erat
994 4763 1183 4829 columbanus)
1206 4763 1322 4816 studium
1343 4762 1488 4814 liberalium

295 4821 443 4876 lrtterarnm
453 4831 480 4875 et
490 4839 621 4878 morarum
633 4825 827 4888 mripturarnm.

331 4886 346 4952 t
364 4887 440 4950 Vide,
455 4889 573 4951 camber,
587 4906 620 4942 an
633 4890 749 4942 Ibernica
760 4891 856 4943 femina
867 4892 917 4944 iata
927 4891 1007 4944 merit
1017 4907 1050 4944 ax
1060 4893 1113 4944 tuis
1124 4893 1175 4944 illis
1186 4892 1337 4953 saillaumis,
1350 4899 1401 4948 etc.
