3736 6054
414 740 458 804 56
774 754 955 804 aroucam
977 753 1047 801 rao
1070 747 1256 800 amanum.
1463 733 1555 824 [car.
1571 752 1606 798 r.

417 926 450 977 et
474 911 547 977 salle
571 911 719 977 lectorem
743 922 832 975 tuum
857 909 1001 988 dicendo,
1025 904 1203 974 rudissimos
1227 909 1261 973 in
1284 907 1373 975 bonis
1388 905 1560 995 disciplinis
1575 920 1608 974 et

416 999 603 1064 rudimentis
618 996 789 1065 Catholicae
803 995 879 1068 fidei
892 996 986 1062 fuisse
1001 995 1187 1062 Ibernorurn
1224 1007 1327 1062 entem
1342 994 1436 1079 hujus
1451 994 1574 1060 saeculil

460 1085 557 1165 Qubd
571 1084 598 1150 si
612 1097 757 1172 quartum
772 1108 791 1148 a
804 1097 861 1148 tuo
882 1084 994 1148 saeculo
1015 1101 1120 1148 versus
1144 1081 1176 1148 S.
1195 1020 1361 1147 duratium
1382 1105 1607 1169 percurramus,

415 1171 548 1249 videbis,
565 1171 715 1260 Gyralde,
732 1183 772 1248 te,
788 1193 860 1235 cum
874 1169 936 1236 tuis
950 1169 1126 1248 calumniis,
1142 1173 1285 1235 extremi
1296 1168 1350 1234 vel
1363 1167 1489 1234 inscitia
1501 1192 1606 1234 rerum

415 1271 509 1344 atque
524 1257 720 1324 historiarum
744 1256 952 1344 vulgaturum,
978 1257 1030 1323 vel
1053 1251 1153 1321 multb
1176 1255 1297 1320 malitia
1322 1255 1467 1320 adversus
1491 1278 1606 1321 nomen

416 1343 601 1410 Ibemorum
628 1346 784 1411 obsessum
808 1342 918 1408 lirisse:
941 1343 1003 1408 hoc
1026 1363 1162 1429 namque
1188 1341 1338 1420 seculum,
1361 1342 1448 1442 quod
1469 1342 1509 1408 ab
1524 1365 1606 1408 anno

415 1430 522 1498 salutis
549 1435 613 1498 800
638 1455 737 1517 usque
761 1429 801 1495 ad
827 1433 891 1496 900
915 1442 1101 1508 recensetur,
1128 1429 1205 1494 adeo
1226 1428 1315 1494 ferax
1338 1428 1400 1493 frnt
1421 1428 1606 1495 Ibernorum

415 1518 501 1582 omni
530 1542 643 1606 genere
672 1519 823 1599 bonarum
852 1516 1097 1617 disciplinarum,
1123 1529 1216 1602 atque
1242 1514 1451 1582 sanctimoniae
1476 1520 1607 1582 instruc·

416 1618 537 1682 torum;
569 1604 647 1671 adeo
672 1603 844 1670 abundavit
876 1603 952 1669 viris
974 1617 1006 1668 et
1027 1595 1151 1668 feminis
1172 1602 1397 1701 cujuscumque
1419 1601 1607 1668 conditionis

415 1715 451 1756 ac
465 1695 573 1771 statiis,
588 1691 687 1757 cultui
702 1691 765 1756 Dei
781 1689 941 1770 dedicatis,
957 1703 990 1757 et
1003 1690 1118 1756 fervori
1132 1691 1315 1755 exercendae
1329 1688 1463 1777 p1etatis,
1475 1703 1512 1755 ut
1525 1689 1607 1754 intra

414 1779 546 1867 patriam
561 1802 598 1852 se,
607 1779 766 1844 continere
780 1800 844 1843 non
859 1789 1012 1865 poterant,
1027 1770 1082 1842 sed
1104 1776 1334 1864 quodammodo
1355 1786 1375 1814 “
1386 1775 1489 1861 quasi‘’
1511 1799 1606 1864 apum

415 1875 433 1904 “
448 1866 594 1930 examina
609 1889 674 1932 sese
688 1864 856 1930 effuderint
877 1889 895 1929 a
917 1865 961 1928 ud
982 1876 1106 1930 exteras
1127 1863 1294 1943 nationes,'’
1321 1862 1435 1948 quibus
1457 1862 1605 1949 exemplo

413 1951 551 2017 innoxiae
567 1952 640 2018 vitae
655 1965 688 2018 et
702 1950 878 2017 liberalium
892 1889 1066 2016 litterarum
1087 1950 1275 2038 professione
1297 1949 1442 2038 prodesse
1464 1973 1496 2014 se
1560 1973 1605 2016 sse

413 2044 569 2127 putarant.
614 2037 693 2120 Quae
707 2061 757 2103 res
771 2037 863 2126 plane
886 2038 970 2125 apud
991 2061 1042 2104 me
1063 2030 1256 2104 incredibilis
1277 2037 1365 2113 foret,
1388 2032 1449 2102 nisi
1471 2035 1503 2100 vi
1527 2060 1604 2116 erer,

413 2137 446 2190 et
460 2149 560 2191 essem
574 2125 753 2191 incredulus
767 2138 860 2210 atque
874 2123 1041 2212 impudens
1055 2142 1119 2190 non
1132 2123 1307 2212 praestando
1323 2121 1419 2188 fidem
1438 2122 1524 2209 ipsis,
1548 2123 1603 2208 qui

414 2211 512 2277 oculis
526 2235 592 2277 rem
606 2210 760 2290 viderant,
774 2211 904 2276 testibus
917 2210 1048 2299 magnis.
1092 2210 1211 2276 Notum
1226 2222 1281 2290 est,
1294 2211 1354 2275 hoc
1369 2209 1472 2276 seculo
1487 2209 1604 2276 vixisse

412 2297 629 2386 imperatorem
660 2298 809 2365 Carolum
837 2297 882 2362 ΙΙ.
900 2310 1117 2386 cognomento
1148 2297 1293 2376 Calvum,
1322 2311 1470 2385 nepotem
1497 2295 1604 2363 Caroli

412 2385 531 2484 magni.
576 2385 677 2472 Cujus
687 2382 780 2450 Calvi
816 2383 902 2449 rimis
918 2383 1006 2449 annis
1021 2383 1099 2450 adeo
1109 2384 1211 2470 jacuit
1225 2395 1257 2449 et
1271 2383 1606 2450 emarcuitAcademia

412 2471 596 2537 Panaiensis
613 2473 717 2558 (cujus
731 2407 933 2536 fundamenta
947 2469 1023 2536 olim
1038 2483 1182 2559 posuerat
1196 2470 1326 2537 Carolus
1337 2474 1483 2559 magnus)
1496 2484 1532 2535 ut
1546 2471 1605 2536 vix

412 2558 581 2646 vestigium
597 2570 759 2648 appareret
772 2557 824 2622 vel
838 2558 1004 2635 memoria;
1020 2558 1105 2643 qubd
1126 2571 1195 2645 post
1216 2558 1335 2624 obitum
1359 2556 1463 2622 Caroli
1485 2557 1604 2645 magni,

411 2657 449 2710 ut
463 2647 666 2712 observarunt
680 2644 773 2734 prisci
788 2643 960 2733 scriptores,
975 2643 1086 2710 litteras
1109 2657 1142 2709 et
1162 2643 1334 2709 litterarum
1357 2645 1494 2708 studium
1516 2643 1606 2710 nullo

412 2745 515 2798 essent
542 2732 663 2820 praetio,
693 2755 808 2820 magno
835 2745 936 2797 essent
961 2730 1166 2819 contemptui.
1210 2730 1299 2797 Huic
1328 2730 1490 2819 desperato
1519 2731 1603 2797 malo

412 2819 551 2907 cupiens,
567 2819 593 2884 si
608 2819 765 2906 quomodo
779 2833 881 2907 posset
896 2837 1066 2897 occurrere,
1090 2816 1220 2883 Carolus
1235 2816 1362 2896 Oalvm,
1372 2830 1435 2882 ute
1446 2817 1604 2884 cineribus

412 2907 582 2987 suscitaret,
597 2916 801 2972 “emortuam
813 2907 1030 2984 academitm,”
1044 2929 1106 2969 non
1118 2903 1245 2970 aliunde
1256 2903 1429 2970 remedium
1441 2904 1604 2970 accersivit

412 2995 507 3079 quam
529 3017 573 3059 ex
595 2993 718 3059 Graecib
739 3005 772 3059 et
793 2992 928 3071 Iber-nib,
952 2987 987 3057 in
1008 2992 1158 3057 extremis
1178 2991 1242 3056 fere
1265 2991 1347 3057 orbis
1361 2991 1479 3091 positis,
1493 2991 1550 3056 illa
1563 2992 1604 3056 ad

412 3091 525 3157 ortum,
541 3079 601 3144 ista
615 3081 655 3145 ad
670 3103 812 3145 occasum
834 3079 923 3159 solis;
946 3079 1041 3158 unde,
1063 3077 1245 3166 ingentibus
1265 3078 1401 3165 praemiis
1421 3078 1603 3179 praepositis,

411 3165 563 3253 plurimos
577 3167 611 3230 in
626 3166 762 3231 Galliam
778 3165 898 3245 allexit,
914 3167 969 3231 sed
983 3190 1026 3232 ex
1041 3164 1168 3232 Ibernia
1182 3165 1276 3250 quam
1291 3164 1415 3242 multos,
1439 3189 1493 3250 qm
1508 3165 1604 3252 gratis

412 3265 449 3317 ut
462 3251 671 3318 satisfacerent
686 3251 893 3338 amoriquem
908 3247 979 3318 Deo
994 3252 1151 3318 debebant
1176 3265 1209 3317 et
1230 3250 1391 3338 proximis,
1413 3251 1469 3315 illb
1492 3275 1603 3318 conce·

412 3340 531 3416 darent,
562 3351 721 3426 promptos
749 3338 869 3405 habuit.
913 3337 1101 3418 Audiamus,
1131 3337 1186 3424 qui
1214 3361 1282 3403 rem
1297 3350 1416 3426 gestam
1444 3340 1601 3418 cernebat,

411 3425 587 3491 Henricurn
609 3425 910 3504 Antisiodorenscm,
933 3427 1088 3502 abbatem,
1113 3426 1222 3524 (quem
1245 3424 1433 3513 descripsere
1456 3425 1502 3489 Pa
1524 3425 1601 3492 irius

412 3513 561 3578 Masonus
575 3525 608 3578 et
622 3512 789 3598 Batonius)
805 3513 840 3577 in
860 3512 1040 3600 praefatione
1061 3512 1134 3577 libri
1156 3511 1216 3593 sui,
1238 3535 1331 3598 quem
1353 3511 1468 3577 obtulit
1518 3513 1603 3578 arolo

412 3599 529 3665 Calvo!
583 3609 602 3639 “
614 3598 701 3679 Quid
730 3598 889 3665 Iberniam
918 3621 1167 3678 commemorem,
1198 3611 1377 3686 contempto
1405 3598 1509 3686 pelagi
1539 3597 1598 3664 dis-

409 3686 551 3766 crimine,
581 3687 661 3776 pene
679 3683 786 3752 'totam
817 3707 890 3752 cum
911 3709 1006 3774 grege
1028 3685 1285 3774 philosophorum
1308 3686 1348 3750 ad
1368 3686 1474 3750 littora
1494 3699 1599 3750 nostra

410 3773 454 3837 mi
534 3787 614 3852 tem;
648 3797 791 3859 quorum,
816 3793 879 3859 quo
903 3772 1034 3860 quisque
1060 3771 1191 3859 peritior
1215 3785 1271 3852 est,
1296 3773 1379 3838 ultro
1403 3771 1463 3838 sibi
1488 3772 1601 3838 indicit

410 3797 554 3939 exiliiim,
569 3873 606 3927 ut
621 3859 781 3926 Salomoni
803 3860 1028 3951 sapientissimo
1055 3859 1116 3950 (ita
1136 3859 1284 3926 Oarolum
1306 3859 1487 3948 compellat)
1503 3859 1601 3925 samu-

411 3946 494 4012 letur
507 3948 548 4013 ad
561 3948 696 4014 votum.”

454 4035 494 4099 In
523 4034 583 4101 hoo
609 4057 703 4122 grege
726 4055 808 4100 unus
833 4028 904 4109 suit,
930 4033 996 4120 qui,
1019 4035 1107 4100 annis
1128 4034 1201 4112 illis,
1223 4055 1280 4122 pro
1302 4033 1366 4099 sole
1388 4033 1547 4120 sapientia
1569 4045 1602 4100 et

409 4120 546 4187 scientiae
560 4121 685 4188 habitus
700 4131 775 4201 erat,
790 4121 812 4187 J
813 4141 927 4185 oannes
944 4122 1065 4200 Scotus,
1087 4131 1294 4210 cognomento
1317 4119 1457 4220 Erigena
1480 4120 1600 4206 (idest,

451 4207 534 4273 nitus
549 4209 614 4274 sive
629 4206 778 4273 oriundus
793 4232 836 4273 ex
851 4215 870 4247 “
882 4205 994 4273 Erin:'’
1007 4208 1108 4298 patria
1128 4232 1204 4286 vox,
1227 4219 1260 4272 et
1281 4230 1444 4295 proprium
1465 4205 1600 4306 regionis

410 4231 557 4373 ibernia,
573 4293 752 4360 sbernicum
782 4317 898 4360 nomen
928 4309 984 4374 est,
1023 4297 1074 4384 (ut
1103 4308 1134 4361 et
1163 4293 1369 4381 Francigena,
1405 4293 1599 4392 Anglrgena,

408 4380 574 4469 terrigena,
599 4393 689 4446 notat
709 4395 818 4448 natum
840 4381 876 4446 in
901 4381 1043 4460 Francia,
1069 4382 1200 4470 Angla,
1225 4380 1260 4446 in
1281 4380 1384 4464 terris)
1401 4381 1456 4466 qui
1480 4401 1600 4466 pnmns

409 4469 550 4534 omnium
565 4492 583 4534 e
596 4468 707 4534 Graeco
715 4467 749 4532 in
761 4468 911 4533 Latinum
920 4469 1016 4536 vertit
1024 4467 1244 4535 Hierarchiam
1255 4467 1297 4532 D.
1308 4466 1446 4533 Dionisii
1456 4465 1543 4530 Areo
1567 4490 1598 4530 a·

432 4555 491 4620 'tea
536 4554 613 4621 Fuit
641 4554 700 4620 istc
729 4555 868 4621 Joannes
897 4555 1045 4643 lingens,
1075 4580 1169 4643 quem
1200 4555 1302 4621 adhuc
1331 4553 1490 4619 viventem
1520 4490 1598 4618 adet

431 4642 597 4733 epraedicat
610 4639 806 4721 Anastasius,
821 4641 1083 4709 Bibliothecarius
1097 4643 1246 4708 Romanas
1261 4640 1409 4718 ecclesiae,
1419 4639 1454 4704 in
1468 4639 1599 4726 epistolb

409 4731 449 4795 ad
476 4729 625 4796 Carolum
651 4728 796 4808 Calvum,
821 4753 890 4815 qum
910 4729 1050 4816 praefatio
1073 4743 1121 4796 est
1142 4728 1226 4807 libri,
1255 4741 1292 4794 ut
1317 4727 1394 4814 quid
1415 4727 1449 4792 in
1470 4725 1598 4792 homine

408 4816 547 4883 maxime
562 4817 772 4898 commendet,
788 4841 851 4882 non
866 4814 981 4896 videat,
997 4816 1093 4903 aequis
1108 4816 1257 4906 passibus,
1274 4813 1401 4882 eximiis
1415 4811 1479 4881 Dei
1493 4813 1527 4878 in
1542 4812 1598 4879 illo
