3736 6054
261 759 339 809 car.
356 739 406 830 v.]
628 759 1096 809 arosocmrsonmnrma
1413 749 1454 814 55

260 914 393 982 decessit
406 938 488 981 anno
503 913 610 980 salutis
625 917 714 982 991.”
756 915 821 981 Iste
836 913 993 996 Foilanus,
1008 930 1044 981 ut
1058 917 1157 997 vides,
1172 939 1235 982 non
1248 917 1310 983 suit
1323 917 1455 989 Ibernus

260 1001 357 1080 rudis,
373 1002 427 1068 sed
441 1000 568 1067 rudium
583 1001 731 1082 eruditor,
754 1015 788 1068 et
808 1001 938 1069 celebris
959 1003 1106 1092 magister
1125 1002 1160 1068 in
1182 1003 1316 1070 Ibernit.
1361 1006 1452 1073 Idem

260 1089 473 1164 Hermannus,
489 1089 530 1154 ad
543 1112 659 1154 annum
672 1091 745 1168 912,
757 1087 801 1154 sie
812 1088 934 1156 scribit:
956 1100 976 1129 “
989 1090 1089 1177 Apud
1101 1090 1134 1156 S.
1144 1089 1282 1169 Gallum,
1294 1091 1454 1160 Notlrerus

261 1175 410 1264 magister
438 1176 548 1242 doctus
575 1175 681 1254 obiit,”
709 1189 742 1242 et
770 1175 810 1240 ad
838 1199 955 1242 annum
986 1179 1081 1256 1022,
1111 1186 1131 1216 ‘⁴
1144 1175 1313 1255 Notlrerus‚
1329 1203 1454 1265 quoque

260 1262 742 1416 tffitzltlfflstllltltt
757 1262 1262 1436 illalffiibllmflulinipll
1277 1263 1455 1418 libb

261 1436 356 1501 simul
371 1449 403 1501 ct
418 1435 526 1536 sancti,
542 1435 598 1523 qui
612 1435 747 1523 priorem
761 1435 853 1501 illum
875 1437 1218 1536 litterisipsormtrant,
1241 1437 1453 1539 doctissimum

260 1522 810 1695 atttttftttlldtttttl
824 1524 1457 1709 lffttrqttlltt'tttdlttfft

262 1697 318 1760 alii
339 1695 463 1784 Iberni)
486 1697 550 1760 uni
572 1719 645 1762 cum
666 1696 735 1795 aliis
756 1696 864 1762 multra
884 1709 953 1761 tum
973 1696 1126 1784 religiosis
1147 1697 1233 1777 viris,
1248 1711 1317 1764 tum
1331 1699 1455 1764 secula·

260 1783 349 1850 ribus
364 1782 551 1860 Germaniae,
567 1783 652 1848 dicet
673 1783 732 1848 ubi
753 1783 821 1848 vita
844 1782 876 1849 S.
891 1783 1037 1862 thlreri,
1060 1808 1101 1849 an
1120 1783 1237 1850 fuerint
1258 1785 1331 1864 duo,
1353 1799 1455 1854 tresve

261 1882 318 1936 aut
345 1869 450 1957 plures
478 1869 575 1935 saneti
604 1869 747 1936 homines
778 1869 896 1949 Iberni,
927 1893 1059 1956 quorum
1088 1895 1169 1936 unus
1198 1885 1264 1938 crat
1290 1871 1456 1960 episcopus

261 1956 390 2022 nomine
406 1956 544 2036 Marcus,
559 1956 648 2036 alius,
670 1980 767 2045 nepos
790 1957 902 2038 Marci,
928 1957 1098 2024 Marcellus
1122 1957 1234 2037 dictus,
1262 1958 1334 2046 (qui
1348 1973 1457 2047 postea

261 2042 377 2108 relatus
392 2043 486 2109 estin
507 2043 683 2131 catalogum
712 2057 889 2110 sanctorum
913 2057 1115 2132 patronorum
1140 2044 1281 2112 dioecesis
1304 2045 1457 2112 Constan-

263 2129 397 2230 tiensis,)
413 2131 520 2196 coeteri
534 2154 577 2196 ex
592 2130 710 2195 familitt
724 2129 861 2219 episcopi
876 2130 1026 2216 ejusdem,
1049 2133 1104 2218 qui
1118 2131 1241 2198 rediens
1255 2155 1298 2198 ex
1313 2131 1456 2198 Romana

262 2217 1272 2372 {ttffltttttitqlmttl‘t'ffilttl‘utbtltllttl
1287 2217 1457 2372 {iffi

263 2391 364 2456 docen
435 2391 610 2457 liberaleso
633 2328 876 2478 timasqueiilias
891 2329 1018 2458 tiatira.
1237 2329 1299 2395 ang
1398 2354 1407 2388 a

305 2475 388 2542 Rem
402 2477 514 2544 melilrs
528 2415 685 2564 melliges
699 2502 742 2543 ex
757 2477 861 2544 verbis
875 2479 949 2544 vitae
966 2478 998 2545 S.
1007 2477 1152 2558 Notkcri,
1165 2480 1199 2566 (a
1220 2479 1266 2544 ud
1280 2479 1456 2546 Henrieum

263 2563 435 2642 canisium,
450 2577 525 2629 tom.
542 2566 588 2650 6,)
604 2589 671 2653 eap.
688 2567 718 2644 8,
734 2589 803 2650 quae
825 2565 888 2630 fere
911 2565 955 2630 sic
976 2565 1108 2632 habent:
1152 2503 1267 2632 “(pum
1288 2566 1373 2632 beati
1394 2565 1456 2631 riri

263 2649 429 2738 (Notkeri)
445 2673 533 2716 mens
546 2651 675 2740 cupiens
690 2651 823 2740 amplius
837 2651 948 2730 imbui,
972 2652 1079 2739 (sacris
1099 2651 1226 2738 litteris)
1249 2653 1419 2740 postularet
1439 2676 1459 2720 a

262 2736 336 2803 Deo
349 2751 387 2802 ut
397 2739 464 2824 ejus
479 2738 668 2803 desiderium
687 2738 868 2825 compleret,
891 2761 963 2805 ecee
985 2762 1062 2805 mox
1084 2739 1252 2826 quemdam
1274 2739 1456 2827 episcopum

263 2823 465 2912 scotigenam
481 2825 531 2910 (id
547 2839 604 2903 est,
620 2825 785 2908 Ibemum)
802 2825 928 2891 nomine
952 2824 1097 2890 Marcum
1124 2825 1279 2890 Dominus
1304 2824 1391 2890 misit
1416 2825 1457 2891 ad

262 2910 375 2977 cellam
402 2911 452 3000 (id
468 2923 524 2990 est,
540 2912 733 2999 coenobium)
752 2911 785 2977 S.
801 2910 897 2991 Galli,
913 2911 965 2977 eui
982 2911 1120 2998 (Marco)
1144 2911 1350 2977 comitabatur
1371 2910 1456 2977 filius

262 2997 383 3076 sororia,
413 2997 564 3086 Moengal
592 2997 730 3076 nomine,
760 3009 867 3085 postea
895 3021 914 3062 a
942 2997 1053 3064 nostris
1084 2997 1263 3086 (caenobitis
1287 2998 1321 3065 S.
1352 2997 1454 3084 Galli)

262 3084 442 3165 Marcellus,
458 3085 646 3152 diminutive
662 3110 681 3151 a
696 3085 805 3150 Marco
819 3085 976 3151 avunculo
990 3086 1059 3150 e'us
1073 3097 1120 3150 est
1133 3097 1270 3152 vocatus.
1315 3085 1380 3151 Hic
1391 3097 1458 3151 erat

261 3169 297 3235 in
311 3171 427 3236 divinis
440 3171 551 3238 litteris
565 3167 755 3238 et'humauis
769 3171 928 3259 scripturis
943 3195 998 3237 eru
1022 3171 1178 3250 tissimus,
1200 3173 1290 3258 cujus
1305 3171 1457 3238 doctrinis

262 3258 347 3324 beati
361 3258 422 3324 viri
436 3258 571 3324 Notkeri
585 3259 780 3325 sitibundum
795 3281 849 3324 cor
861 3258 1010 3339 infimum,
1031 3257 1238 3325 refocillatum
1261 3271 1316 3326 est.
1361 3259 1457 3325 Gum-

262 3369 325 3432 que
354 3369 374 3410 a
402 3345 546 3411 fratribus
574 3345 755 3424 honorifice,
785 3346 866 3412 sicut
889 3345 1070 3445 episcopum
1096 3345 1212 3424 decuit,
1238 3345 1456 3434 susciperetur,

262 3430 400 3520 cogniti,
416 3433 525 3498 beatus
547 3433 597 3498 vir
620 3432 780 3499 Notlrerus
803 3431 935 3498 scientia
959 3431 1129 3520 supradicti
1144 3431 1299 3510 Marcelli,
1320 3437 1458 3499 cucurrit

261 3518 337 3597 cito,
354 3543 389 3585 ac
403 3543 519 3608 praeces
534 3519 672 3585 Domino
687 3519 770 3585 fudit
783 3543 856 3585 cum
870 3519 1026 3607 lacrymis,
1039 3543 1138 3598 orans,
1153 3533 1190 3583 ut
1203 3520 1249 3584 eis
1263 3518 1457 3584 voluntatem

262 3605 309 3672 ibi
330 3606 473 3672 morandi
496 3608 537 3673 ob
558 3606 706 3671 meritum
722 3605 755 3672 S.
772 3605 859 3672 Galli
880 3606 983 3684 daret3
1007 3605 1062 3692 qui
1084 3605 1187 3671 statim
1210 3605 1378 3672 exauditus
1400 3619 1456 3672 est.

263 3692 375 3779 Itaque
445 3705 512 3758 tum
527 3693 717 3766 desiderium
730 3692 793 3759 loci
807 3705 840 3759 et
861 3692 1011 3780 regularis
1025 3691 1109 3770 vitae,
1131 3705 1310 3778 utrumque,
1332 3692 1458 3779 spiritus

262 3779 363 3846 sancti
376 3803 433 3870 gra
459 3784 488 3858 a,
503 3780 538 3844 id
552 3791 709 3869 operante,
725 3789 870 3868 coeperat,
885 3779 962 3845 utsi
978 3779 1062 3847 abire
1078 3778 1172 3844 etiam
1187 3791 1381 3945 maerentum
1397 3778 1457 3867 ipsi

262 3879 416 3952 quantum
444 3866 564 3933 viribus
593 3867 806 3954 praevalerent,
835 3879 915 3932 stare
943 3877 1163 3954 repugnarent
1253 3865 1310 3930 uid
1342 3866 1457 3953 plural

261 3967 390 4042 rogatur
415 3953 576 4054 episcopus
601 3978 674 4020 cum
696 3954 788 4018 sociis
811 3953 880 4019 loeo
906 3967 1010 4018 nostro
1036 3950 1218 4038 aliquandiu
1232 3965 1321 4031 stare,
1344 3953 1457 4020 allecto

262 4053 389 4128 nepote,
404 4041 522 4126 diuque
536 4064 643 4106 secum
658 4039 876 4118 deliberantes,
891 4039 1018 4106 tandem
1032 4038 1190 4105 consensit
1203 4061 1363 4106 remanere
1378 4045 1458 4128 epis·

262 4151 360 4227 copus
389 4151 461 4208 pum
477 4141 602 4216 nepote,
626 4140 660 4193 et
684 4128 791 4215 paucis
814 4149 877 4192 sua
903 4127 1020 4214 linguae
1046 4125 1282 4214 apparitoribus.
1328 4126 1458 4194 Oaeteris

262 4213 362 4302 igitur
384 4213 636 4315 repatriantibus,
652 4214 732 4280 stola
756 4213 895 4293 indutus,
922 4215 1070 4280 abeuntes
1095 4211 1271 4292 benedixit,
1295 4226 1328 4279 et
1349 4214 1458 4280 multia

262 4300 578 4469 tau.
587 4299 1458 4486 praeuenerent

263 4473 389 4541 liabittls
417 4474 530 4564 pueris,
560 4474 643 4542 inter
671 4497 749 4562 quos
774 4488 808 4541 ct
832 4475 886 4541 Ru
927 4472 1458 4574 rtus,Tutilo(v1ri·ppstmodum

262 4561 377 4650 amicti)
393 4585 472 4650 quos
486 4583 593 4628 omnes
608 4561 758 4649 aliosque,
774 4561 883 4630 Marce
908 4586 944 4628 us
960 4563 1035 4650 (ute
1050 4574 1096 4627 est
1109 4584 1204 4648 quem
1219 4559 1367 4626 drsc1mus
1387 4585 1458 4628 ren·

261 4649 417 4716 cerintum
442 4649 526 4715 inter
554 4661 675 4715 sanctos
704 4661 850 4737 patronos
879 4649 1017 4718 ecelesiae
1048 4647 1308 4730 Gomtantiensis)
1338 4662 1457 4734 septem

263 4735 440 4804 liberalium
455 4735 568 4804 artium
583 4736 714 4804 scientia
728 4735 768 4803 ad
782 4739 911 4828 plenum
925 4735 1066 4816 imbuit,”
1077 4747 1137 4803 ete.
1181 4733 1286 4814 Nunc,
1298 4733 1456 4822 Gyralde!

639 4929 708 4998 V
