3772 6008
289 805 367 852 cnr.
386 785 462 873 vu]
663 805 841 854 nroaocnt
864 805 935 854 rao
958 806 1142 854 niarasis.

758 1672 878 1738 OAP.
902 1671 1002 1739 VII.

277 1871 429 1937 umidum
441 1871 534 1924 diserti
545 1875 573 1925 et
582 1871 671 1924 crebri
680 1873 765 1933 fateri,
779 1887 807 1925 ss
816 1873 963 1926 vehementi
973 1873 1060 1926 studio
1070 1872 1202 1938 popularis
1213 1885 1300 1936 grone
1311 1880 1418 1931 motum,
1440 1873 1474 1923 ad

317 1938 462 1990 scribendos
472 1939 551 1990 libros
559 1956 567 1998 t
576 1939 672 2003 apmtis
682 1939 915 2002 vermescerent
925 1939 984 1990 aliis
994 1951 1021 1992 se
1032 1938 1147 1995 laudarir
1163 1938 1313 2001 laeuuenter
1320 1939 1407 2002 iprum
1417 1937 1473 1988 lan-

316 2003 377 2056 dare
388 2019 423 2064 se,
436 2017 496 2055 suos
505 2003 592 2054 utros
631 2004 789 2068 Panegyrico
808 2003 944 2056 adoruisae
954 2006 983 2054 iu
993 2003 1096 2056 laudern
1107 2005 1156 2064 sui,
1172 2018 1226 2056 aue
1236 2003 1349 2064 familia,
1366 2007 1472 2068 patruo·
1583 2040 1586 2048 .

315 2083 382 2130 rum,
395 2065 572 2134 cognatoium,
585 2072 613 2120 et
622 2068 711 2120 laudes
721 2068 857 2120 mendaces
868 2083 974 2121 suorum
985 2067 1140 2122 deeautlsse.

282 2263 393 2330 larun
436 2264 518 2332 lures
544 2287 658 2343 causas,
685 2264 780 2332 etiam
806 2277 839 2332 et
866 2264 933 2334 istc
953 2264 1008 2332 hlo
1025 2265 1092 2350 jam
1114 2264 1259 2332 indicata
1280 2263 1473 2353 impulerunt

282 2349 398 2437 priscos
415 2289 551 2418 lectores
571 2351 715 2439 Gyraldi,
736 2364 801 2417 tam
822 2351 937 2439 ipsum,
982 2353 1056 2418 ulam
1077 2375 1180 2441 opera,
1202 2363 1351 2438 tanquam
1371 2351 1471 2416 vanis

279 2435 367 2516 sima,
392 2461 546 2526 spernere,
573 2438 658 2525 qubd
678 2437 713 2504 in
734 2438 882 2526 scriptore
903 2376 986 2506 nihil
1006 2438 1070 2506 fere
1089 2438 1251 2527 gravitatis
1264 2438 1320 2506 sed
1333 2438 1469 2504 multum

280 2523 425 2591 vanitatis
438 2524 591 2604 viderent,
607 2538 640 2592 et
653 2525 811 2592 aviditatis
825 2524 987 2614 captandae
1002 2549 1083 2592 aurae
1098 2525 1246 2624 vulgaris,
1268 2537 1301 2590 et
1315 2523 1471 2613 appetitus

280 2609 510 2698 depraedicandi
524 2610 761 2691 semisomnis,
777 2624 810 2678 et
823 2635 904 2691 suos,
925 2635 997 2680 oum
1012 2610 1186 2700 vilipendro
1201 2623 1234 2680 et
1248 2610 1472 2678 contumeliosa

279 2695 483 2764 insectatione
505 2710 686 2766 ceterorum
712 2721 790 2784 quos
814 2696 919 2764 minirs
942 2698 1003 2766 sibi
1025 2699 1130 2765 favere
1154 2696 1374 2786 suspicabatur.
1419 2697 1469 2764 Ne

278 2784 353 2848 verb
368 2783 477 2852 videar
490 2783 638 2871 injuriam
652 2805 794 2873 arrogare
809 2784 955 2865 (lambro,
977 2785 1096 2885 placuit
1110 2783 1208 2872 ipsius
1222 2783 1261 2851 dc
1275 2807 1318 2862 se,
1334 2783 1470 2869 suisque,
1586 2844 1591 2854 .

278 2871 375 2938 verba
389 2871 574 2940 exscribere.
633 2871 673 2936 In
693 2871 779 2937 huno
800 2871 929 2938 modum
951 2871 1071 2939 orditur
1095 2894 1183 2940 snam
1204 2871 1338 2960 primam
1362 2870 1469 2970 prafe-

279 2956 397 3024 tionem
413 2957 567 3046 Topogr.:
590 2967 609 3000 “
620 2957 838 3024 Oomideranti
852 2957 943 3038 mibi,
963 2961 1059 3058 qulam
1074 2957 1177 3025 brevis
1199 2969 1232 3024 et
1245 2955 1334 3023 fluxa
1347 2969 1389 3024 art
1402 2955 1469 3024 vita

300 3067 371 3112 uam
387 3039 538 3124 ducimus,
554 3069 662 3112 eorum
676 3043 823 3132 praeolara
836 3044 929 3112 fuisse
943 3044 1070 3110 videtin
1090 3043 1234 3124 intentio,
1257 3044 1371 3130 quibus
1392 3067 1469 3112 nou·

277 3067 353 3196 lum
378 3132 532 3218 patefacta
544 3132 618 3198 vitas
631 3131 694 3210 via,
717 3154 736 3195 ο
843 3131 987 3220 praetium
1001 3131 1062 3197 firit
1075 3141 1108 3198 et
1121 3154 1214 3210 curae,
1237 3131 1400 3219 egregium
1414 3131 1469 3198 ali·
1533 3152 1535 3158 ’

277 3217 363 3303 quod
376 3217 495 3286 mundo
509 3218 688 3286 memoriale
702 3241 735 3286 re
750 3217 757 3232 '
782 3241 887 3306 quere,
902 3218 1077 3305 famamque
1091 3217 1140 3286 sui
1153 3218 1335 3306 perlongum
1352 3218 1467 3296 favere,

277 3317 310 3370 et
322 3317 572 3372 momentaneam
585 3304 676 3372 istam
687 3304 797 3375 saltam
810 3305 961 3372 memoria
971 3305 1077 3372 vivere
1091 3327 1181 3393 posse
1194 3305 1397 3393 postvitsm,”
1407 3317 1466 3370 etc.

277 3399 297 3430 “
310 3390 390 3458 Hac
404 3391 531 3458 summis
545 3391 722 3459 auctoribus
736 3391 839 3480 prima
851 3390 913 3458 fuit
926 3403 960 3458 et
978 3391 1138 3480 precipua
1157 3391 1315 3460 scribendi
1336 3390 1467 3458 occasio.

275 3477 389 3546 Altera
410 3479 485 3544 verb
508 3502 567 3545 nec
591 3478 714 3556 merito,
737 3478 841 3546 miuus
866 3482 961 3565 quam
983 3502 1114 3546 numero
1138 3479 1283 3556 secunda,
1312 3477 1467 3544 nobilium

275 3564 454 3653 principum
478 3577 543 3632 tam
566 3564 740 3645 retributio,
769 3565 977 3632 remuneratio
1006 3564 1467 3652 alumnumalumnum

275 3651 361 3718 enim
387 3664 467 3718 artes
480 3651 599 3718 nutrire
622 3651 733 3732 solent,
757 3663 816 3720 etc.
861 3652 1020 3720 Ceterum
1045 3651 1189 3738 quamvis
1211 3651 1390 3740 principum
1413 3651 1467 3716 de-

274 3737 371 3818 lectu,
395 3739 540 3806 oscetin
561 3737 653 3806 uobis
674 3739 810 3806 secunda
829 3761 937 3818 cauam
959 3739 1094 3806 scribere
1108 3751 1223 3816 tamen,
1246 3737 1331 3827 prior
1344 3736 1400 3803 illa
1414 3737 1466 3803 ad·

219 3872 223 3882 .
275 3837 392 3904 monet,
417 3837 449 3891 et
469 3825 653 3926 pausamus
696 3823 795 3907 Quasi
809 3831 883 3893 verb
898 3825 1039 3892 nondum
1052 3826 1160 3894 fuisset
1172 3824 1232 3892 tibi
1246 3825 1400 3914 patefacta
1415 3824 1468 3892 via

273 3910 358 3990 vics,
373 3911 464 3998 cujus
477 3912 641 4000 ignoratio,
652 3923 689 3979 ut
702 3923 739 3978 tu
752 3911 899 3980 indicari
913 3911 1043 3980 dederat
1052 3913 1180 3980 summis
1195 3912 1373 3979 auctoribus
1388 3911 1466 3978 anti-

273 3997 345 4083 quis
358 4009 392 4064 et
405 3997 539 4066 ethnicis
549 4021 654 4066 ansam
669 3998 825 4066 scribendi
836 3998 1046 4089 potissimum,
1059 4023 1124 4068 uon
1138 4022 1241 4066 amore
1255 3998 1390 4076 virtutis,
1411 4011 1466 4064 aut

272 4084 336 4152 alio
349 4084 423 4164 fine,
449 4087 545 4172 quam
559 4085 649 4154 samae
671 4085 830 4188 popularis
851 4086 1012 4175 captandae
1027 4099 1060 4154 et
1084 4107 1173 4152 vanae
1194 4084 1354 4152 memoriae
1380 4084 1465 4172 apud

273 4184 419 4258 posteroe,
443 4195 577 4258 quorum
602 4173 798 4242 ethmoorum
814 4185 845 4242 te
870 4186 1053 4240 sectatorem
1075 4196 1141 4240 esse
1154 4171 1291 4242 laterisa
1331 4172 1389 4251 rte,
1405 4185 1463 4238 etc.

273 4257 773 4338 “Nobiles,”dicis,“aususnihil
783 4258 1252 4349 requeimpeditutdiffidentia.
1376 4257 1465 4324 'fieri

271 4367 442 4432 pomirmus,
457 4345 483 4412 si
496 4345 716 4434 magnanimi‚”
729 4358 788 4414 eto.
833 4355 852 4388 ‘⁴
866 4345 953 4414 Hinc
975 4345 1090 4414 accidit
1103 4359 1140 4412 ut
1153 4344 1348 4414 scientisdmr
1368 4345 1465 4434 pluri·

270 4430 377 4518 mique
393 4455 426 4500 se
440 4431 607 4500 nesciendo
620 4445 791 4512 senescant,
806 4446 839 4500 et
853 4433 930 4500 dum
940 4431 1022 4500 vires
1035 4431 1156 4521 ingenii
1170 4457 1234 4500 non
1248 4432 1464 4522 experiuntur,

269 4517 345 4606 igne
360 4517 458 4584 animi
468 4519 571 4598 vacui,
583 4519 682 4588 veluti
697 4543 809 4610 peoora
822 4533 966 4609 pereunt,
977 4534 1010 4587 et
1020 4541 1136 4586 nomeu
1149 4543 1256 4588 eorum
1271 4541 1335 4586 non
1349 4542 1465 4586 memo·

270 4604 390 4672 rabitur
402 4605 495 4684 ultra,
510 4607 586 4692 etc.”
629 4606 674 4672 Et
689 4616 708 4647 ‘¹
722 4607 797 4693 quia
811 4605 943 4674 audaces
954 4607 1077 4674 fortuna
1086 4608 1190 4694 juvat,
1206 4606 1339 4674 seribere
1354 4629 1464 4694 propo·

270 4691 328 4768 sui,
351 4704 384 4756 ot
398 4691 567 4758 lividorum
589 4693 708 4759 malitid
730 4693 915 4760 ridiculosus
930 4694 1061 4772 censeri,
1083 4694 1187 4783 potius
1201 4694 1296 4780 quun
1310 4694 1463 4759 bonorum

269 4777 396 4844 arbitrio
418 4777 628 4858 meticulosus,
651 4780 742 4867 elegi.
786 4780 848 4846 Illo
871 4805 995 4867 quoque
1018 4779 1179 4848 Ciceronis
1201 4778 1348 4880 exemplo
1370 4790 1464 4844 retar-

268 4864 335 4932 dari
357 4888 422 4930 non
446 4865 551 4954 potui:
575 4871 625 4946 ea,
643 4865 757 4953 inquit,
779 4867 819 4934 de
841 4871 943 4947 causi,
967 4877 1142 4956 “poemata
1163 4891 1226 4936 uon
1249 4867 1361 4944 aonbo,
1388 4863 1461 4954 quia

1351 4971 1375 5018 r
