3772 6008
280 733 357 780 cnr.
375 715 424 804 a]
642 734 823 782 aroucam
846 735 916 783 ruo
939 735 1125 782 ursanum.
1432 722 1473 786 67

279 912 395 955 nomen
409 887 541 954 relatum
557 900 604 956 est
617 890 652 954 in
666 889 786 956 tabulas
801 889 994 957 authenticas
1009 891 1158 958 Romanae
1174 891 1323 971 ecclcsiae,
1344 893 1390 958 ita
1413 893 1472 958 ait:

280 978 350 1040 “in
360 977 454 1042 sacris
468 975 695 1042 eruditionibus
710 976 789 1042 etin
804 977 890 1044 omni
905 977 1072 1044 sobrietate
1093 1001 1278 1064 morumque
1300 979 1471 1059 honestate,

279 1062 467 1140 beatissimo,
496 1085 596 1149 usque
623 1063 665 1129 ad
693 1063 879 1151 vigesimum
907 1088 1024 1130 annum
1053 1089 1116 1130 suae
1142 1065 1251 1144 aetatis,
1276 1065 1472 1132 adolescente

280 1149 491 1237 (Wilibrudo)
506 1149 699 1238 proficiente,
714 1150 853 1216 arctioris
867 1150 941 1216 vite
956 1152 1064 1218 ardore
1086 1175 1260 1230 caecemus,
1282 1157 1316 1218 et
1335 1153 1472 1241 peregri-

278 1235 414 1303 nationis
438 1260 542 1302 amore
566 1237 741 1338 instigabas,
765 1251 797 1303 et
818 1237 893 1325 quia
914 1238 948 1303 in
971 1237 1098 1305 Ibernit
1127 1238 1341 1306 scholasticam
1370 1240 1472 1306 crudi-

277 1324 397 1390 tionem
420 1323 556 1412 viguisse
581 1324 714 1403 audivit,
740 1324 845 1404 edam,
875 1325 1082 1412 quorumdam
1111 1339 1286 1392 sanctorum
1315 1324 1470 1406 vivorum,

278 1410 362 1476 lamb
375 1423 530 1489 narrante,
545 1410 779 1478 conversatione
792 1411 951 1492 incitatus,
974 1425 1005 1478 et
1020 1412 1176 1501 praecipue
1191 1412 1359 1478 beatissimi
1374 1414 1471 1501 patris

279 1497 424 1586 Egberti,
441 1498 546 1586 (cujus
559 1497 704 1564 meminit
717 1499 877 1598 martyrol.
899 1498 939 1564 ad
954 1501 997 1564 24
1010 1501 1106 1588 Apr.)
1130 1512 1338 1588 cognomento
1359 1501 1468 1578 sancti,

277 1597 311 1650 et
326 1583 492 1662 Wicberti,
515 1585 626 1673 (etiam
647 1585 704 1654 iste
719 1598 898 1652 nomrnatur
911 1585 945 1650 in
960 1586 1134 1674 martyrol.)
1153 1586 1340 1652 venerabilis
1355 1586 1415 1652 viri
1438 1603 1470 1653 et

277 1671 445 1738 sacerdotis
460 1671 534 1748 Dei,
550 1695 682 1757 quorum
697 1684 838 1758 uterque,
853 1674 895 1739 ob
910 1673 1043 1738 coelestis
1105 1673 1172 1738 triae
1194 1696 1341 1750 amorem,
1364 1674 1469 1753 domo,

276 1759 388 1909 patrib,
396 1759 643 1847 cognationeque
654 1759 773 1838 relicta,
786 1758 835 1847 (in
846 1759 982 1860 Anglii)
994 1759 1028 1826 in
1080 1759 1197 1825 erniam
1212 1760 1349 1838 recessit,
1364 1759 1471 1846 ibique

300 1845 474 1912 ulcissimos
498 1869 639 1934 supernae
662 1846 931 1934 contemplatioms
955 1847 1084 1923 fructus,
1114 1845 1227 1912 saeculo
1256 1847 1370 1924 nudus,
1399 1845 1472 1912 Deo

275 1932 396 2020 plenus,
419 1933 557 2000 solitaria
578 1932 718 2020 quotidie
740 1932 904 2002 hauriebat
925 1933 1169 2000 conversatione.
1214 1933 1339 1998 Horum
1361 1936 1471 2002 beatus

276 2019 455 2086 adolescens
470 2019 609 2088 aemulari
624 2019 755 2108 cupiens
769 2019 964 2108 religionem,
987 2044 1060 2087 cum
1073 2020 1275 2087 conniventia
1289 2020 1338 2086 sui
1353 2021 1473 2087 abbatis

276 2117 309 2172 et
322 2105 461 2186 flauum,
475 2107 510 2172 in
524 2105 683 2174 Iberniam
697 2107 799 2173 veloci
814 2130 906 2173 cursu
920 2106 1082 2173 contendit
1101 2110 1199 2192 (auno
1220 2105 1327 2174 salutis
1347 2107 1471 2174 circiter

276 2193 367 2294 680,)
393 2206 453 2260 etc.
497 2193 611 2282 Ibique
635 2193 803 2260 duodecim
825 2194 924 2274 annis,
946 2194 1029 2260 inter
1049 2193 1183 2260 eximios
1203 2193 1297 2260 simul
1318 2193 1378 2282 pire
1400 2194 1471 2260 reli·

275 2280 379 2368 gioms
400 2291 434 2347 et
458 2304 550 2348 sacrae
575 2279 718 2348 lectionis
743 2279 914 2369 magistros,
938 2281 1060 2346 futurus
1084 2280 1254 2346 multorum
1280 2280 1468 2369 populorum

275 2367 460 2456 praedicator
473 2367 684 2447 erudiebatur,
699 2367 799 2434 donec
814 2381 989 2436 occurreret
1002 2367 1036 2433 in
1058 2368 1163 2432 virum
1184 2367 1358 2455 perfectum
1381 2381 1414 2434 et
1435 2369 1469 2432 in

275 2466 399 2520 aetatem
413 2455 619 2544 plenitudinis
635 2454 763 2520 Christi.
808 2453 982 2521 Tricesimo
996 2455 1102 2540 itaque
1117 2469 1150 2520 et
1171 2454 1264 2520 tertio
1285 2454 1384 2520 aetntis
1405 2478 1468 2520 suae

275 2563 367 2621 anno,
389 2542 489 2630 major
510 2541 637 2630 egregio
658 2540 727 2608 viro
741 2541 816 2608 fidei
831 2540 958 2607 flamma
978 2543 1136 2608 crescebat
1156 2540 1191 2606 in
1211 2553 1348 2629 pectore,
1369 2541 1415 2608 its
1435 2553 1473 2606 ut

272 2651 384 2730 parurn
405 2628 436 2695 ei
457 2629 618 2729 videretur
638 2628 699 2728 sibi
719 2627 779 2728 soli
794 2629 834 2729 ⁰in
855 2628 1015 2728 religionis
1036 2627 1198 2694 sanctitate
1220 2629 1354 2780 mdiffi'
1376 2628 1468 2727 sinon

273 2715 578 2888 tumst
602 2714 1467 2900 ,tdtttttttttttttt‘tnattttt

271 2891 282 2952 i
349 2889 456 2956 nerim
470 2890 652 2956 conscendit
664 2888 699 2952 in
713 2888 872 2976 Belgium,
886 2888 1109 2977 predicatunrs
1124 2886 1302 2966 Hollandrs,
1313 2887 1421 2952 Frisiis
1434 2902 1466 2954 et

273 2912 466 3065 &emphalis
489 2975 629 3044 idolatris
653 2976 785 3042 verbum
811 2975 884 3053 Dei,
899 2997 1032 3062 quorum
1054 2973 1151 3074 aliqui
1172 2987 1281 3062 postea
1302 2975 1343 3040 ob
1357 2974 1468 3062 praedi·

272 3064 403 3132 cationis
417 3064 605 3153 evangelica
619 3063 799 3129 instantiam
813 3061 963 3150 martyrio
977 3075 1115 3128 coronata
1136 3061 1237 3140 sunt,†
1259 3084 1341 3126 anno
1361 3061 1468 3128 salutis

272 3148 397 3217 circiter
420 3154 501 3230 6973
532 3151 630 3237 aliqui
653 3153 728 3216 verb
757 3150 952 3238 episcopatus
981 3147 1122 3214 ordinem
1151 3147 1368 3236 accipienteass
1440 3163 1468 3214 st

273 3250 393 3303 sanctos
413 3237 643 3326 predicationis
666 3237 784 3303 labores
806 3235 841 3301 in
865 3259 943 3323 pace
984 3233 1161 3313 uieverunt,
1176 3247 1236 3300 etc.
1288 3233 1339 3300 De
1354 3259 1409 3320 qru
1432 3259 1468 3300 us

273 3325 417 3391 omnibns
445 3325 628 3403 duodecem,
654 3323 823 3413 prasertim
848 3323 888 3388 de
913 3322 971 3388 wi
986 3321 1120 3400 brosdo,
1145 3321 1318 3400 Wicberto,
1345 3321 1468 3392 duobus

274 3411 424 3491 Ewaldis,
442 3411 607 3491 Swiberto,
622 3411 722 3488 Accb,
745 3433 789 3476 ex
803 3409 931 3476 Ibernia
944 3410 985 3475 ad
999 3407 1235 3476 conversionem
1250 3408 1420 3495 Belgarum
1434 3423 1468 3476 et

272 3497 447 3566 vicinamm
468 3499 632 3587 regionum
647 3497 801 3587 profectis,
824 3496 1009 3562 nominatim
1024 3495 1146 3562 dissent
1162 3495 1259 3574 Beda,
1281 3495 1336 3560 lib.
1353 3497 1384 3574 3,
1398 3519 1435 3562 ca
1459 3547 1465 3560 .

274 3583 852 3674 13,ettib.t,0ap.10‚11,12,ubi
873 3583 973 3649 multa
994 3597 1026 3649 et
1046 3606 1161 3670 magns
1182 3581 1278 3648 etiam
1299 3595 1403 3648 narrat
1447 3607 1465 3650 a

272 3671 884 3826 tltttn‘tlttffltttllttttt
899 3667 1224 3824 snmus
1243 3668 1358 3822 ‘Bt
1374 3669 1467 3820 sn

273 3847 391 3935 majora
406 3859 440 3913 et
454 3847 544 3935 plura
551 3784 651 3935 spilianb
665 3846 707 3911 ad
723 3857 882 3934 stuporem
896 3845 1059 3920 lectorum,
1075 3779 1206 3930 quirem
1218 3842 1281 3908 suis
1301 3781 1468 3910 nomeriis

273 3935 452 4022 expandere
466 3935 576 4013 solent,
591 3935 631 4000 de
644 3938 714 4000 rarat
728 3931 900 4011 sanctitate,
915 3929 1076 4019 sapientis,
1098 3929 1238 4008 scientia,
1260 3943 1367 3996 sancto
1389 3929 1467 4010 zelo,

273 4021 357 4088 dono
385 4020 615 4110 pradicationis
644 4019 846 4108 evangelicae,
883 4017 1011 4085 caritate
1046 4017 1173 4082 inconst
1202 4039 1277 4105 erga
1307 4017 1412 4082 Deum
1435 4029 1469 4081 et

273 4107 425 4187 homiues,
454 4107 648 4186 domesticos,
674 4121 810 4186 exteros,
836 4105 960 4183 amicos,
985 4103 1140 4184 inimicos,
1168 4103 1286 4184 fideles,
1308 4103 1467 4182 infidelem

273 4195 375 4282 deque
405 4195 558 4262 indefesso
587 4195 703 4272 labore,
732 4192 921 4272 humilitate,
951 4191 1129 4270 devotione,
1159 4203 1219 4259 etc.
1244 4190 1409 4258 doctorum
1436 4203 1469 4256 et

273 4295 448 4350 auctorum
476 4282 673 4359 Ibemorum,
697 4283 791 4369 (quos
811 4279 997 4346 nominatim
1021 4277 1189 4367 expressit)
1215 4278 1271 4364 qui
1295 4277 1347 4345 vel
1370 4277 1467 4344 solam

273 4369 428 4459 Angliam
443 4368 504 4436 hoc
518 4369 634 4449 seculo,
649 4369 683 4434 id
698 4381 745 4434 est
759 4368 799 4434 ab
814 4367 975 4466 aun2600
990 4365 1032 4432 ad
1055 4369 1129 4444 700,
1152 4365 1335 4432 imbuerunt
1354 4363 1468 4432 litteris

305 4559 321 4588 ⁹
338 4557 412 4609 Inter
431 4556 529 4610 multos
550 4557 651 4619 Angtoe
671 4556 819 4616 momcbcs,
847 4555 893 4618 qut
914 4558 973 4606 turm
993 4553 1179 4606 mediabuntur
1201 4557 1228 4603 ct
1248 4550 1417 4604 morabamur
1440 4549 1468 4600 in

270 4625 493 4752 ¹1binilbluerunt
504 4687 660 4744 wicbertus,
672 4685 795 4736 Ewsldns
805 4685 887 4745 albus,
904 4683 1026 4735 Evaldus
1042 4683 1124 4747 niger,
1142 4682 1189 4746 qui
1205 4687 1258 4733 tres
1273 4680 1349 4732 relati
1364 4687 1425 4729 runt
1441 4680 1470 4732 in

272 4755 360 4805 album
373 4759 522 4804 unctorum
532 4753 639 4802 Roman.
655 4751 791 4815 Martyrol.

306 4821 321 4884 t
340 4819 377 4872 Ut
387 4821 442 4883 ipse
453 4817 633 4877 wilibrordus,
647 4817 797 4876 sisibertus,
810 4816 889 4874 Acca,
903 4814 1085 4873 Marchelmus,
1098 4812 1142 4864 alil
1153 4812 1180 4864 in
1192 4811 1300 4938 chcp.
1314 4809 1451 4874 nctymt
