3772 6008
253 853 332 904 our.
347 836 413 924 1x.]
597 851 1065 902 nronoomrnonmaeum.
1382 835 1444 902 105

253 1033 323 1076 sum
337 1008 418 1074 mihi
431 1008 565 1097 singula,
580 1008 673 1097 longe
688 1008 807 1075 diutius
822 1007 901 1089 aliis,
924 1020 957 1074 et
978 1005 1161 1096 diligentius
1181 1007 1305 1073 intueri.
1351 1007 1444 1074 Com-

253 1097 340 1185 plera
353 1095 452 1184 igitur
465 1096 500 1161 in
513 1096 603 1162 brevi
617 1096 705 1182 quasi
720 1095 759 1161 de
776 1095 846 1161 eliis
860 1094 979 1161 cunctis
993 1093 1136 1172 victorie,
1152 1094 1330 1194 principem
1351 1095 1445 1160 istum

253 1183 375 1249 militiae
389 1183 523 1249 ooelestis
537 1196 685 1269 tanquam
699 1183 733 1247 in
747 1181 852 1247 medio
872 1203 999 1247 suorum
1013 1205 1086 1247 cum
1099 1193 1260 1267 majestate
1274 1181 1445 1261 sedentem,

253 1269 336 1334 sieut
349 1269 480 1357 depingi
493 1269 582 1348 solet,
597 1269 756 1336 carnifices
770 1268 891 1335 cruenti
913 1267 1120 1334 communiter
1139 1268 1302 1346 invadunt,
1325 1279 1358 1334 et
1378 1293 1446 1333 um-

254 1355 350 1422 bilico
371 1357 462 1422 teniu
483 1379 502 1421 a
522 1356 644 1423 dextris
657 1355 747 1421 illum
771 1379 790 1420 e
814 1354 926 1420 throno
941 1354 1150 1434 extrahentes,
1169 1355 1286 1421 nudato
1308 1366 1445 1454 pectore,

255 1441 404 1508 donnum
422 1443 453 1509 ei
474 1442 555 1508 latiis
575 1443 684 1508 lancea
704 1441 897 1521 confodiunt,
920 1454 952 1508 et
973 1441 1077 1506 stetim
1098 1465 1165 1507 vox
1185 1440 1332 1507 terribilis
1354 1441 1446 1506 valde

253 1541 360 1594 secuta
388 1541 445 1606 eet,
468 1529 503 1594 in
527 1529 612 1595 hunc
638 1528 783 1594 modum:
813 1528 966 1594 ‘Wochl'
995 1528 1146 1594 ‘Woohl'
1170 1527 1265 1593 Peter
1280 1542 1312 1593 et
1326 1527 1445 1593 Filius!

254 1613 378 1681 Woohl
400 1614 523 1682 Wooh!
547 1616 570 1682 S
592 1615 682 1682 iritus
697 1614 846 1681 Sanctus!
871 1615 935 1681 Sed
948 1627 1054 1681 utrum
1067 1614 1201 1703 desuper
1216 1613 1358 1694 demisse,
1374 1637 1447 1680 ena

255 1701 467 1767 circumstanti
482 1639 599 1791 populi)
614 1701 733 1790 prolata
746 1701 850 1780 fuerit,
865 1700 927 1768 hoo
941 1701 1022 1766 mihi
1037 1700 1144 1766 datum
1160 1712 1216 1780 eat,
1237 1701 1391 1789 ignorare,
1414 1713 1447 1767 et

255 1787 300 1853 sic
314 1787 394 1854 mihi
409 1788 537 1854 demum
552 1801 616 1854 tem
630 1788 717 1855 vocis
737 1788 843 1875 hujus,
866 1789 961 1874 quem
982 1787 1110 1853 visionis
1130 1799 1229 1854 terror
1250 1799 1445 1876 experrecto,

254 1897 399 1940 somnum
422 1873 568 1943 excussit.
612 1874 709 1940 Illum
733 1874 840 1960 itsque
864 1886 975 1941 testem
1001 1875 1053 1940 cui
1078 1873 1163 1939 nuda
1186 1887 1219 1940 et
1245 1887 1351 1962 aperta
1373 1887 1447 1939 sunt

255 1960 370 2048 omnia,
380 1962 527 2047 quoniam
539 1985 591 2028 me
605 1960 708 2027 statim
722 1960 757 2026 in
771 1973 864 2027 strato
877 1960 1075 2040 residentem,
1085 1972 1117 2026 et
1130 1961 1198 2026 haea
1212 1984 1337 2026 mecum
1351 1961 1447 2026 anxie

254 2047 443 2114 recolentem
457 2061 562 2114 tantus
575 2071 632 2137 per
645 2047 809 2113 dimidiam
823 2047 876 2114 vel
889 2071 940 2112 am
962 2047 1035 2126 liius,
1049 2058 1162 2114 ettam
1175 2047 1344 2114 vehemens
1358 2047 1447 2136 spiri·

254 2136 305 2200 tus
330 2145 363 2200 et
387 2134 487 2200 cernis
511 2135 620 2201 horror
644 2133 761 2200 invasit
784 2135 870 2220 quod
893 2072 962 2199 feri
983 2145 1074 2200 extre
1098 2157 1149 2199 me
1173 2134 1282 2213 factm,
1307 2147 1445 2200 amente

253 2221 383 2287 nanaire
398 2233 431 2287 et
444 2221 616 2288 dementire
631 2220 790 2288 timebam.
813 2220 1041 2288 Verumtamen
1055 2220 1096 2286 ed
1108 2220 1237 2286 unicum
1248 2220 1329 2286 illud
1340 2220 1448 2286 salutis

254 2307 399 2373 humane
412 2307 580 2396 retugium,
594 2305 824 2396 promptissime
838 2307 1006 2374 devotione
1020 2331 1191 2387 recurrens,
1206 2318 1240 2372 et
1249 2307 1339 2395 signo
1347 2308 1447 2373 crucis

254 2394 451 2475 creberrimo,
465 2407 531 2460 tem
545 2395 679 2461 frontem
694 2393 829 2482 signans,
852 2395 946 2481 quim
967 2407 1077 2483 pectus
1097 2395 1242 2460 muniens
1264 2405 1446 2480 sequentem

254 2480 355 2546 noctis
368 2480 454 2548 illius
469 2493 600 2570 partem,
614 2503 713 2567 usque
728 2480 769 2546 ed
783 2503 925 2546 euroram
940 2480 1020 2546 duxi
1035 2481 1220 2560 insomnem,
1233 2491 1265 2546 et
1278 2481 1324 2546 sic
1338 2480 1448 2546 divino

253 2566 427 2666 opitulante
440 2567 550 2656 metit,
566 2567 692 2634 tandem
708 2566 813 2633 adme
828 2590 979 2646 reversus,
995 2567 1075 2632 mihi
1096 2567 1225 2634 demum
1246 2567 1341 2655 plens
1362 2590 1446 2633 secu·

254 2665 346 2719 ritate
374 2676 444 2720 eum
472 2654 640 2721 restitutus.
684 2653 856 2740 Nunquam
885 2666 992 2720 temen
1023 2655 1064 2720 ad
1092 2655 1242 2733 animum,
1266 2677 1326 2719 nee
1353 2653 1447 2719 etiam

255 2738 406 2806 hodierno
422 2740 484 2819 die,
500 2741 615 2828 absque
628 2740 756 2806 horrore
770 2764 895 2840 megno,
951 2740 1000 2805 tui
1014 2763 1176 2806 revocare:
1199 2739 1277 2827 quid
1291 2739 1376 2806 enim
1387 2752 1448 2805 ter·

254 2826 385 2907 ribilius,
408 2829 503 2914 qulam
525 2851 544 2893 a
567 2831 708 2894 creattud
730 2826 877 2916 consprci,
897 2764 978 2893 sdorro
1000 2827 1137 2906 confodi,
1152 2824 1355 2893 Creatorem?
1372 2824 1448 2977 quis

254 2913 403 2980 coelorum
417 2913 512 2993 cives,
528 2913 653 3000 Deique
668 2913 854 2980 domesticos
875 2913 1103 2999 hominumque
1118 2925 1264 3001 patronos
1278 2913 1313 2978 in
1327 2936 1371 2978 cae
1394 2936 1446 2978 em

255 2999 337 3065 trahi
351 2999 467 3079 videat,
483 3012 516 3066 et
529 2999 658 3080 turbari,
673 3023 737 3065 non
751 2999 915 3066 turbatus?
937 3000 1016 3086 quis,
1038 3000 1178 3086 inquam,
1202 3000 1306 3088 ipsum
1328 3011 1446 3064 nature

256 3086 430 3152 Dominum
444 3098 477 3154 et
490 3086 700 3152 universitatis
714 3085 736 3150 fi
781 3087 848 3152 lum
862 3087 929 3176 pati
938 3086 1100 3174 conspicit,
1111 3099 1145 3152 et
1157 3109 1222 3152 nen
1236 3083 1447 3175 compatitur?

257 3171 346 3254 Quid
370 3186 475 3239 eutem
500 3173 568 3239 haec
592 3172 672 3240 visio
695 3110 784 3252 voitu,
808 3185 840 3238 et
864 3172 942 3258 quid
973 3172 1159 3262 protendere
1188 3173 1301 3252 valeat,
1331 3172 1447 3260 absque

255 3259 439 3347 prejudicio
453 3259 561 3348 paucis
574 3259 740 3326 absolvam.
785 3259 850 3341 Qui
865 3259 940 3326 olim
954 3259 989 3323 in
1002 3259 1127 3349 proprie
1140 3264 1273 3348 persone
1283 3283 1388 3348 passus
1402 3270 1449 3324 est

255 3369 314 3434 pro
328 3345 400 3425 suis,
415 3368 499 3413 nunc
513 3347 628 3412 iterum
641 3347 707 3435 pati
721 3369 755 3412 se
769 3345 935 3435 significat,
950 3346 1053 3414 sedin
1067 3346 1138 3425 suis,
1153 3345 1255 3433 etqui
1270 3370 1326 3435 per
1346 3344 1447 3411 erucis

257 3431 463 3520 triumphum,
479 3433 519 3499 ed
534 3433 697 3499 dexterm
718 3433 814 3521 patris
836 3433 1014 3514 ascendens,
1036 3457 1170 3522 regnum
1191 3456 1283 3499 suum
1305 3432 1449 3498 victorio

257 3541 328 3584 sum
342 3519 480 3599 intravit,
494 3519 543 3584 illi
553 3520 622 3605 jam
636 3519 740 3586 hostes
753 3519 838 3600 facti,
861 3543 904 3586 ex
925 3519 1028 3608 capite
1038 3521 1171 3608 regium
1186 3519 1316 3596 auferre,
1338 3519 1449 3670 mqjes·

257 3615 354 3670 tatem
367 3604 518 3687 minuere,
533 3605 695 3672 ecclesiam
710 3606 900 3686 subvertere,
921 3607 1072 3685 nituntur,
1095 3629 1190 3693 quam
1211 3605 1278 3694 ipse
1299 3604 1359 3670 sibi
1394 3627 1449 3670 uso

257 3689 409 3780 sangiune
423 3691 623 3793 comparavit.
653 3692 803 3779 Ideoque,
819 3704 856 3759 ut
870 3693 1011 3774 arbitror,
1025 3717 1090 3761 non
1104 3695 1139 3758 in
1152 3716 1255 3773 cruce,
1274 3691 1329 3758 sed
1343 3691 1451 3756 inma-

255 3778 368 3865 jestate
384 3802 424 3868 ap
447 3792 528 3845 arurt
542 3779 610 3846 haec
624 3781 734 3868 passio,
749 3791 900 3867 tanquam
914 3803 1006 3846 cruce
1018 3780 1085 3867 jam
1141 3778 1329 3858 reinsede
1343 3776 1450 3844 medio

259 3864 391 3932 sublate.
477 3889 538 3946 em,
554 3889 649 3953 quam
663 3865 698 3931 in
712 3889 805 3934 cruce
819 3866 879 3933 sibi
895 3866 1089 3953 acquisierat,
1128 3878 1207 3932 ostes
1228 3866 1258 3932 ei
1280 3863 1451 3952 majestatis

259 3951 392 4038 gloriam
406 3951 525 4019 auferre
539 3953 750 4031 contendunt3
771 3953 823 4019 vel
837 3954 942 4041 potius
955 3954 989 4018 in
1003 3957 1085 4020 ιιι-ιι
1105 3951 1162 4019 illc
1182 3955 1278 4032 saort,
1300 3956 1362 4038 qut
1382 3964 1453 4040 post

260 4049 317 4118 tot,
333 4050 366 4105 et
380 4049 469 4105 tante
489 4039 656 4140 corporalis
677 4039 848 4128 presentie
869 4063 933 4106 sue
954 4051 1153 4118 sacramenta,
1175 4039 1303 4107 demum
1347 4063 1382 4104 ro
1404 4037 1451 4104 rio

260 4147 369 4190 eruore
383 4138 584 4205 consecravit,
594 4125 702 4192 fideles
715 4125 773 4206 sui,
788 4150 852 4192 non
866 4126 901 4191 in
914 4150 1006 4193 cruce
1020 4150 1114 4207 nunc,
1126 4126 1181 4193 sed
1192 4126 1284 4192 armis
1295 4137 1327 4192 et
1359 4147 1377 4191 e
1403 4124 1452 4190 'co

260 4211 430 4278 certamine
443 4211 525 4299 passi
540 4225 621 4278 sunt.
667 4212 722 4280 Sic
735 4236 823 4279 suam
837 4212 904 4302 ipse
917 4214 1092 4303 passionem
1105 4213 1207 4293 istam,
1230 4235 1325 4300 quam
1338 4212 1373 4277 in
1387 4211 1453 4277 suis

262 4298 493 4384 quodammodo
505 4321 590 4364 nunc
604 4299 745 4379 sustinet,
761 4299 817 4365 ubi
830 4299 865 4365 in
880 4301 1039 4387 majestate
1053 4300 1135 4389 petri
1149 4311 1327 4389 conregnat,
1343 4321 1408 4364 non
1418 4297 1454 4363 in

262 4407 354 4451 cruce
367 4384 480 4465 noluit,
495 4384 552 4451 sed
565 4384 600 4451 in
615 4386 708 4452 armis
721 4399 757 4453 et
767 4386 882 4453 bellico
896 4387 1064 4454 certamine
1073 4385 1233 4468 declarari,
1242 4385 1288 4453 sic
1298 4397 1331 4452 et
1341 4385 1453 4452 eodem

263 4470 411 4559 supplicii
426 4495 553 4560 genere,
568 4495 631 4558 quo
646 4472 755 4538 Romae
768 4496 913 4561 passurus
929 4485 995 4540 erat
1009 4474 1130 4555 Petrus,
1146 4498 1179 4541 se
1201 4496 1327 4560 quoque
1347 4495 1453 4562 pessu-

262 4580 333 4623 rum
342 4557 377 4622 in
388 4557 483 4624 Petro
497 4571 627 4625 testatus
642 4573 699 4640 est,
713 4560 781 4650 ipse
796 4560 919 4626 dicens:
940 4569 948 4601 ‘
962 4560 1069 4628 Venio
1079 4560 1213 4628 Romam
1226 4560 1342 4625 iterum
1355 4557 1454 4625 cruci·
1506 4577 1507 4580 ’

262 4643 336 4732 figi!
380 4643 495 4712 Totam
507 4644 615 4732 itaque
629 4645 787 4713 ooelestem
802 4647 921 4714 curiam
934 4648 1016 4729 coeli,
1025 4671 1082 4736 per
1092 4646 1337 4737 compassionem
1358 4643 1453 4710 simili

263 4743 364 4819 strage
378 4730 565 4820 designavit,
579 4755 650 4799 suos
664 4733 773 4800 volens
787 4734 827 4799 ad
847 4733 1021 4801 vindictam
1042 4735 1095 4801 vel
1116 4737 1195 4800 tanti
1217 4732 1332 4799 doloris
1353 4742 1454 4797 osten·

263 4817 350 4883 sione
374 4819 545 4905 provocari.
589 4819 734 4887 Devoce
755 4832 860 4888 autem
882 4821 938 4888 illa
959 4846 978 4888 a
998 4821 1136 4889 barbaris
1156 4818 1338 4908 incipiente,
1362 4830 1395 4883 et
1419 4817 1454 4884 in

265 4902 379 4971 Latina
399 4906 496 4974 verba
516 4906 735 4990 descendente,
758 4907 835 4994 quid
857 4908 936 4975 milri
958 4906 1093 4989 videtur,
1116 4907 1293 4988 edisseram,
1316 4903 1454 4987 ‘Woch,
