3736 6054
240 803 317 850 car.
333 785 397 874 ru]
603 801 783 850 11616111
798 803 868 852 rso
883 802 1068 850 1111111111.
1384 785 1425 848 35

238 957 439 1036 blandiendo,
455 956 663 1045 impressoque
678 958 796 1046 pectori
810 959 878 1044 ejus
892 957 982 1046 signo
997 958 1107 1036 crucis,
1124 966 1257 1022 “certus
1272 958 1367 1036 esto,''
1377 957 1424 1021 in-

238 1045 318 1132 quit,
334 1057 353 1084 “
367 1057 398 1110 16
412 1045 566 1130 ejusmodi
581 1045 662 1110 nihil
676 1069 836 1132 passurum
852 1045 951 1110 donec
966 1046 1106 1112 redeam”
1118 1044 1246 1131 (Roma,
1261 1068 1323 1130 quo
1339 1043 1427 1108 insti·

238 1135 347 1198 tuebat
359 1132 444 1218 iter.)
484 1131 562 1197 Erat
573 1145 677 1198 autem
693 1132 878 1219 epilepticus
891 1145 924 1197 et
932 1133 1064 1198 cadebat
1077 1132 1265 1218 frequenter,
1278 1133 1323 1196 ita
1333 1144 1369 1196 ut
1379 1131 1425 1194 in·

236 1221 361 1284 terdum
375 1241 440 1282 non
455 1218 549 1283 semel
564 1218 619 1284 sed
639 1219 751 1308 saepilrs
773 1232 930 1306 pateretur
950 1219 985 1283 in
1007 1219 1067 1284 die.
1112 1217 1184 1284 Hoc
1201 1218 1269 1304 jam
1291 1242 1347 1305 per
1367 1241 1425 1284 sex

237 1329 334 1371 annos
349 1307 457 1371 morbo
472 1305 598 1370 horrido
613 1306 741 1382 laborat,
757 1306 811 1371 sed
826 1306 1006 1371 adverbum
1021 1305 1188 1370 Malachiae
1202 1305 1339 1393 perfecte
1353 1328 1425 1370 con·

236 1392 345 1458 valuit.
389 1392 445 1458 Ab
466 1391 522 1456 illo
543 1393 620 1458 hora
640 1393 686 1458 nil
707 1392 769 1456 tale
813 1416 950 1479 erpessus
965 1405 1021 1472 est,
1044 1392 1090 1458 nil
1104 1392 1176 1470 tale,
1191 1406 1227 1456 ut
1242 1391 1425 1458 confidimus

236 1478 384 1579 deinceps
409 1502 618 1566 perpessurus,
640 1479 714 1564 quia
729 1417 902 1545 Maiichias
923 1479 1072 1567 deinceps
1094 1479 1249 1544 rediturus
1269 1503 1333 1543 non
1355 1480 1427 1544 est.”

236 1565 319 1632 Nam
342 1590 376 1630 m
397 1563 509 1631 itinere
532 1589 604 1630 cum
630 1565 774 1631 transiret
794 1590 851 1654 per
866 1566 1074 1632 Olarevallem
1099 1565 1133 1630 in
1158 1565 1272 1644 Gallia,
1296 1579 1332 1630 ut
1354 1564 1435 1630 visi:

234 1665 316 1718 taret
330 1652 465 1718 amicum
480 1676 571 1717 suum
589 1652 620 1718 S,
637 1651 840 1732 Bernardum,
862 1667 1020 1740 correptus
1041 1651 1202 1731 febricula,
1225 1677 1243 1718 e
1258 1651 1328 1718 sinu
1345 1652 1425 1737 ejus·

235 1741 308 1804 dem
334 1739 486 1804 Bernardi
507 1751 629 1805 sanctus
641 1739 807 1804 Malachiae
829 1739 954 1828 spiritus
976 1739 1113 1806 evolavit
1133 1739 1168 1804 in
1189 1739 1313 1818 coelum,
1336 1738 1423 1804 diet

234 1825 434 1904 Novembris,
451 1849 532 1891 anno
546 1825 653 1891 salutis
669 1828 762 1892 1148.
1348 1871 1356 1890 .

277 1913 357 1980 Haec
384 1913 489 1978 omnia
512 1925 544 1978 et
568 1912 668 1978 multb
691 1913 817 1978 fortasse
839 1912 939 2000 plura,
963 1913 1002 1978 de
1018 1925 1065 1979 tot
1079 1914 1234 1998 tantisque
1250 1911 1425 2000 apostolicis

232 1999 407 2066 animarum
422 2000 606 2088 pastoribus,
622 1999 687 2085 qui,
703 2000 814 2065 eodem
829 1999 896 2087 ipso
912 2000 1016 2066 seculo
1032 2025 1094 2086 quo
1112 2000 1322 2077 cambrensis,
1337 1999 1426 2064 flore·

232 2086 310 2151 bant
324 2087 357 2152 in
373 2086 508 2162 Ibernis,
524 2100 557 2151 et
570 2110 627 2174 per
640 2099 734 2152 tantae
749 2087 969 2166 sanctimoniae,
985 2087 1143 2164 doctrinae,
1159 2086 1316 2173 sapientiae
1332 2099 1425 2198 atque

232 2173 424 2238 auctoritatis
446 2173 628 2261 scriptorem
646 2173 678 2239 S.
694 2173 889 2251 Bernardum
904 2197 1007 2261 sparsa
1020 2198 1076 2262 per
1090 2174 1266 2239 universam
1281 2173 1344 2238 fere
1360 2173 1424 2238 ltu-

231 2283 350 2348 repam,
366 2284 526 2348 suppressa
547 2261 673 2326 fuerunt
693 2259 728 2326 in
750 2259 838 2325 libris
852 2261 976 2326 famosis
991 2261 1131 2348 ejusdem
1147 2259 1354 2339 Cambrensis,
1369 2261 1436 2346 qui.

231 2347 345 2412 maluit
357 2371 500 2434 spargere
516 2347 555 2412 de
571 2346 702 2426 Ibernis,
717 2345 788 2412 illos
802 2347 933 2414 infames
947 2347 1171 2434 mordacesque
1186 2371 1324 2414 rumores
1346 2371 1424 2433 quos

231 2435 304 2499 ante
315 2433 413 2500 deseri
437 2433 478 2500 si:
494 2445 526 2500 61
540 2434 625 2519 quod
639 2434 673 2499 in
687 2457 811 2500 causam
826 2435 1049 2522 suppressionis
1064 2434 1189 2500 illorum
1202 2435 1287 2522 (quae
1299 2457 1423 2521 expres·

230 2518 272 2586 sit
288 2458 480 2607 Bernardhs)
505 2537 598 2606 atque
620 2519 827 2608 evulgationis
842 2521 1076 2587 mendaciorum
1089 2521 1229 2600 istorum,
1252 2520 1425 2610 suspicetur

230 2607 376 2673 cordatus
390 2607 488 2674 lector
501 2607 592 2673 fuisse
606 2608 731 2695 partim,
756 2608 842 2694 qubd
858 2608 1055 2675 Cambrensis
1077 2608 1195 2694 ubique
1216 2609 1338 2674 studeat
1352 2631 1422 2696 sup·

230 2693 376 2782 primere‚
400 2719 469 2793 quae
491 2695 616 2760 faveant
630 2695 670 2760 ad
691 2695 806 2760 samam
828 2694 943 2760 bonam
957 2708 991 2760 et
1012 2719 1127 2760 nomen
1149 2695 1282 2760 nationis
1297 2695 1424 2764 Iberno-

229 2804 310 2860 rum,
335 2793 448 2869 partlm
468 2781 554 2868 qubd
578 2781 629 2846 vir
652 2794 761 2848 cautus
782 2782 906 2846 fortasse
928 2781 1196 2860 animadverteret,
1219 2793 1266 2846 tot
1288 2795 1364 2867 quot
1385 2781 1420 2848 in

229 2867 357 2934 Ibernib
370 2868 432 2934 illis
459 2867 547 2934 annis
573 2870 751 2934 claruerunt
772 2893 790 2934 a
812 2868 946 2933 ostolicae
961 2869 1034 2932 vitae
1056 2881 1191 2955 pastores
1205 2881 1237 2932 et
1261 2891 1419 2955 praecones

229 2954 320 3020 verbi
335 2954 408 3032 Dei,
424 2955 590 3021 familiares
606 2968 637 3020 ct
651 2955 768 3021 amicos
782 2892 874 3020 1111116
890 2954 1056 3020 Malachiae
1072 2968 1104 3020 et
1118 2954 1258 3020 maxima
1273 2977 1316 3020 ex
1331 2967 1418 3040 parte

229 3042 376 3107 unacum
387 3043 497 3107 eodem
507 3041 675 3122 Malachib,
685 3041 852 3106 monachos
867 3041 981 3106 ordinis
997 3040 1219 3118 (listerciensis,
1254 3066 1288 3108 ro
1304 3040 1418 3127 quibus

229 3127 316 3192 idern
337 3128 388 3193 vir
408 3142 531 3194 sanctus
552 3129 587 3193 in
609 3127 736 3194 Ibernih
757 3127 912 3207 fundavit,
934 3129 1068 3215 juvante
1091 3129 1195 3215 ipsum
1251 3153 1298 3206 eo,
1322 3141 1354 3192 et
1380 3127 1417 3192 B.

230 3214 392 3280 Bernardo
407 3215 516 3280 saltem
528 3216 571 3280 40
581 3214 776 3292 monasteria,
789 3237 858 3300 quae
874 3228 906 3280 et
920 3215 1080 3281 monachis
1095 3214 1221 3303 optimis
1234 3215 1419 3303 repleverat,

229 3315 267 3367 ut
281 3302 366 3368 idem
381 3302 558 3368 Bernardus
581 3301 716 3368 indicat:
738 3301 855 3367 addens
869 3301 1070 3382 Malachiam,
1097 3302 1193 3368 etiam
1212 3304 1281 3389 jam
1302 3303 1419 3368 factum

230 3388 424 3477 episcopum,
453 3388 730 3488 archiepiscopum,
756 3388 932 3476 primatem,
955 3388 1093 3477 legatum
1122 3389 1203 3455 sedis
1233 3389 1418 3478 apostolicae,

231 3475 392 3542 “solitum
417 3475 607 3542 incessanter
632 3475 763 3542 euenire
785 3475 946 3563 parochias
960 3474 1094 3542 Ibernise
1116 3500 1233 3555 omnes,
1256 3475 1420 3564 evangelio

230 3562 378 3642 serviens,
402 3574 435 3627 61
457 3563 497 3628 de
519 3562 683 3649 evangelio
706 3563 825 3641 vivens,
848 3563 929 3628 sicut
950 3561 1112 3628 constituit
1126 3563 1156 3628 ei
1171 3562 1336 3642 Dominus,
1360 3562 1420 3628 nisi

230 3649 318 3735 qubd
331 3649 523 3734 frequentias
535 3650 640 3737 ipsum
654 3649 853 3736 evangelium
874 3649 941 3716 sine
955 3663 1082 3738 sumptu
1095 3673 1225 3738 ponens,
1248 3648 1288 3714 de
1310 3649 1421 3716 labori·

231 3737 291 3800 bus
306 3735 369 3802 suis
382 3759 569 3822 suorumque
583 3735 712 3814 ferebat,
727 3735 812 3802 unde
826 3759 859 3802 se
874 3748 907 3801 et
921 3735 997 3802 alios
1009 3735 1064 3823 qui
1075 3759 1180 3804 secum
1195 3735 1376 3802 laborabant
1386 3735 1421 3800 in

228 3845 326 3910 opere
348 3820 512 3888 ministerii
537 3835 735 3902 sustentaret;
764 3824 964 3910 percurrebat
985 3836 1090 3888 autem
1105 3846 1162 3912 per
1177 3823 1304 3976 oppida,
1326 3822 1419 3911 pede,

232 3933 306 3974 curn
320 3922 426 3975 sancto
440 3911 496 3975 illo
513 3909 657 3998 peditum
670 3909 894 3976 monachorum
909 3922 941 3976 61
977 3923 1135 3976 1111611111
1145 3933 1201 3975 ver
1222 3935 1234 3976 1
1246 3909 1309 3975 Dei
1324 3909 1419 3976 comi·

232 4007 310 4075 tatia,
326 3995 548 4148 discipulorum
564 4020 699 4076 suorum,
711 3996 767 4082 qui
780 4019 942 4083 nunquam
951 3933 1079 4062 deerant
1091 3996 1181 4063 lateri
1190 3998 1283 4083 ejus.”
1326 3997 1422 4064 Nota·

232 4105 338 4150 veram
353 4107 408 4149 ver
442 4083 583 4172 superilrs
599 4083 822 4149 (lambrensem
836 4083 979 4171 sparsisse
994 4084 1076 4149 inter
1090 4083 1167 4150 alios
1181 4083 1298 4150 librum
1313 4097 1421 4150 contra

232 4170 400 4236 monachos
416 4169 630 4236 Cisterciensis
644 4169 772 4248 ordinis,
795 4169 941 4236 adversus
962 4193 1040 4257 quos
1061 4171 1157 4236 etiam
1178 4170 1249 4258 lego
1271 4171 1344 4238 satis
1364 4170 1421 4236 sal·

233 4280 303 4324 sum
324 4257 513 4346 pasquillum
528 4256 733 4335 (lambrcnsis
748 4255 802 4322 lib.
819 4259 837 4323 1
853 4256 901 4322 sui
927 4256 1093 4337 Itinerarii‚
1118 4271 1213 4346 caput
1228 4259 1256 4323 3.
1301 4258 1350 4323 At
1363 4258 1423 4323 for·

232 4343 322 4410 tarsis
336 4367 400 4409 una
414 4343 496 4409 inter
509 4343 659 4432 plurimas
670 4367 706 4408 sc
717 4343 892 4431 potissimas
903 4367 1017 4423 causas,
1026 4368 1083 4411 cur
1093 4343 1168 4411 olim
1179 4344 1338 4433 Gyraldus
1348 4368 1422 4411 cum

233 4431 296 4498 suis
310 4430 468 4519 opusculis
483 4455 519 4496 ac
542 4430 629 4496 libris
644 4431 721 4496 adeo
746 4430 860 4518 passim
875 4443 942 4496 turn
956 4430 1019 4496 suis
1040 4445 1108 4496 tum
1129 4431 1287 4498 extraneis
1309 4454 1422 4496 exosus

233 4517 304 4598 lirit,
321 4518 422 4606 (quod
436 4529 469 4583 et
480 4517 547 4606 ipse
559 4516 700 4583 dolenter
709 4517 791 4605 saepb
799 4517 1010 4604 conqueritur,
1021 4531 1058 4583 ut
1067 4517 1244 4585 monuimus
1255 4517 1421 4606 superihs),
1487 4575 1488 4578 ,

234 4605 290 4670 illa
300 4617 376 4684 erat,
387 4605 472 4691 qubd
482 4605 517 4668 in
531 4604 657 4669 homine
668 4603 781 4692 partim
791 4604 985 4670 observarint
996 4605 1071 4672 boni
1082 4606 1221 4685 lectores,
1232 4629 1296 4671 non
1304 4607 1422 4670 bonum

234 4691 374 4756 animum
388 4693 422 4756 in
439 4691 668 4770 cistercienses,
690 4690 745 4776 qui
761 4691 848 4756 annis
862 4690 926 4757 illis
939 4692 1078 4758 maxime
1093 4692 1247 4760 florebant
1260 4692 1421 4757 sanctitate

234 4802 307 4843 cum
329 4801 385 4844 suo
401 4778 439 4842 B.
455 4777 632 4856 Bemardo;
659 4777 772 4866 partim
799 4779 884 4865 qubd
905 4777 939 4843 in
961 4778 1142 4845 Gambrensi
1164 4792 1228 4845 tam
1250 4777 1422 4854 manifesta,

234 4889 357 4954 magua,
370 4865 469 4931 mults
479 4865 741 4952 deprehenderint
752 4863 914 4932 mendacia
925 4865 1071 4934 adversus
1082 4866 1222 4944 Ibernos,
1235 4861 1420 4951 (presertim

1272 4969 1295 5018 G
