3772 6008
298 765 453 854 car.v1.]
639 783 1104 834 aronocmraonmnanm.
1452 771 1492 836 79

299 939 440 1005 diabolos
455 935 584 1017 afflatos,
607 961 692 1006 nuuc
706 937 895 1006 divinatores
909 941 1000 1006 falsos
1012 953 1045 1006 et
1059 939 1211 1017 fallentes,
1234 939 1394 1026 appellant
1409 939 1491 1005 Mer-

298 1027 388 1104 linos‚
416 1024 472 1112 qui
494 1048 537 1090 ex
558 1024 634 1114 ipsis
662 1049 787 1092 suorum
812 1027 1033 1093 vaticiniorum
1058 1026 1124 1092 sive
1146 1025 1366 1113 aenigmatum‘
1393 1027 1497 1093 verbis

298 1112 390 1178 facile
416 1111 562 1179 convinci
586 1125 715 1212 pooeunt
728 1113 885 1200 vanitatis,
909 1127 945 1180 ut
965 1113 1128 1202 perspicue
1150 1111 1340 1178 demonstrat
1361 1111 1494 1179 Neubri·

297 1197 1495 1353 insimili*antistiitffltinliiiffittt‘i

297 1372 351 1438 'tiis
366 1386 399 1438 et
412 1309 646 1460 impendiis
661 1372 738 1438 olim
753 1373 909 1439 daemones
922 1397 980 1462 per
990 1397 1045 1440 ora
1054 1333 1354 1450 idolorum’dabant3
1369 1373 1494 1458 quibus,

298 1458 503 1548 ambiguitate
524 1458 701 1536 locutionis,
722 1459 873 1526 flexibilis
886 1459 921 1524 in
942 1459 1110 1526 contrarios
1124 1481 1230 1524 sensus
1243 1458 1435 1537 illudebant;
1459 1473 1496 1526 ut

297 1547 426 1613 bierunt
439 1545 494 1612 vul
536 1544 683 1612 tiversusr
706 1555 725 1588 ‘⁴
737 1547 854 1613 Perdet
862 1546 983 1614 Oraesus
995 1547 1124 1612 Haliam
1138 1558 1345 1634 transgressus
1358 1546 1494 1634 plurima

299 1655 333 1700 re
403 1633 428 1711 ;”
465 1569 594 1698 “i'irma
622 1645 732 1721 pateus
760 1645 828 1700 esto
855 1633 936 1698 nulli
956 1633 1120 1700 claudatur
1140 1632 1303 1710 bonesto;”
1335 1633 1434 1698 “Aio
1462 1645 1495 1698 te

299 1655 436 1786 Affida
457 1718 617 1784 Romanos
630 1719 756 1786 vincere
777 1721 893 1808 posse.n
947 1720 1035 1800 Quid
1055 1721 1130 1786 verb
1146 1719 1305 1819 Gyraldus
1325 1719 1493 1786 sentiatde

300 1805 455 1883 Merlinis,
476 1805 526 1871 sui
547 1805 757 1894 popularibus,
779 1820 946 1894 cognoscet
966 1806 1022 1894 qui
1044 1807 1074 1872 le
1114 1806 1156 1872 rit
1176 1806 1262 1872 rllius
1283 1807 1390 1886 verba,
1412 1805 1447 1872 in
1474 1810 1494 1872 2

300 1892 435 1958 disunct
448 1891 586 1980 Topogr.
598 1917 666 1982 cap.
684 1895 736 1972 18,
751 1917 825 1958 oum
835 1899 986 1959 narrasset
995 1894 1066 1960 loeo
1105 1893 1112 1908 '
1129 1892 1217 1958 toriae
1230 1892 1395 1958 ridiculam
1406 1893 1495 1959 fabu-

298 1979 422 2046 laruda
444 1979 558 2044 chorea
572 1977 769 2068 Gygautum‚
794 1992 832 2047 ut
845 1995 970 2058 vocant,
996 1980 1057 2044 boc
1082 1993 1139 2058 est,
1161 1979 1202 2045 de
1223 1980 1381 2045 immensae
1402 1979 1495 2046 molis

298 2065 456 2154 lapidibus
468 2064 586 2146 multis,
608 2067 688 2133 miro
704 2066 836 2134 mtificio
857 2067 986 2132 interae
1000 2066 1166 2154 dispositis,
1182 2077 1215 2130 et
1229 2067 1268 2132 ab
1283 2065 1421 2132 invicem
1435 2066 1495 2131 ful·

298 2151 379 2252 citis,
395 2151 527 2254 aliisque
541 2153 580 2218 ab
596 2152 665 2255 aliis
679 2153 937 2255 prominentibus,
952 2165 1039 2254 tanto
1053 2176 1126 2254 eum
1141 2153 1347 2240 spectantium
1358 2165 1494 2241 stupore,

296 2239 1494 2426 ittincludiditur&tti'iigeitfftrtftittti

297 2411 390 2491 drms,
416 2425 449 2478 et
472 2413 620 2478 eremitici
638 2412 808 2501 lapidum‚”
837 2413 944 2514 inquit
965 2413 1136 2502 Gyraldua,
1159 2423 1334 2513 “gigantes
1355 2414 1430 2479 olim
1452 2415 1491 2479 ab

296 2498 417 2564 ultimis
432 2497 551 2565 Africa
573 2500 715 2588 partibus
735 2501 771 2565 in
786 2500 945 2568 Ibermarn
967 2500 1149 2578 attulerunt,
1175 2511 1209 2566 et
1222 2523 1256 2564 ιιι
1270 2499 1408 2588 planicie
1423 2501 1493 2566 Kil-

297 2585 420 2652 darensi
441 2609 565 2652 summo
586 2585 716 2674 ingenio
738 2600 772 2653 et
785 2587 905 2653 viribus
926 2599 1108 2665 erexeraut3
1130 2599 1238 2675 postea
1251 2588 1326 2653 verb
1341 2587 1494 2652 Aurelius

296 2671 495 2750 Ambrosius,
512 2671 649 2751 divina’'
669 2673 704 2738 in
726 2673 784 2752 uit,
807 2683 828 2715 “
841 2673 972 2740 Merlini
986 2673 1153 2762 diligentia
1177 2673 1218 2738 de
1233 2673 1361 2738 ibernii
1375 2672 1410 2738 in
1424 2673 1494 2738 Bri·

296 2759 447 2838 tanniam,
473 2771 571 2824 totam
596 2759 684 2825 illam
704 2698 848 2849 lapidum
873 2759 1034 2826 immeusae
1061 2759 1288 2848 magnitudinis
1312 2759 1492 2847 congeriem

296 2845 413 2911 advehi
433 2846 623 2934 procuravit,
646 2859 680 2912 et
692 2860 730 2912 ut
743 2848 823 2912 tanti
837 2847 982 2928 facinoris
995 2845 1157 2934 egregium
1173 2845 1292 2931 aliquot
1312 2845 1493 2912 memoriale

295 2932 497 3019 relinqueret,
517 2934 629 3000 eodem
644 2933 753 3000 ordine
768 2947 801 3000 et
815 2945 891 3013 arte,
914 2939 977 3020 qud
991 2933 1078 3020 priua
1099 2932 1193 3021 positi
1214 2945 1311 3011 erant,
1333 2931 1494 2999 constiutit

294 3019 330 3086 in
344 3019 424 3098 loeo,
439 3019 495 3085 ubi
510 3031 617 3108 postea
630 3019 688 3086 flos
697 3019 867 3086 Britanniae
881 3021 1004 3086 excisus
1019 3021 1120 3086 linerat
1134 3031 1166 3086 et
1179 3042 1284 3107 percm
1309 3031 1358 3084 tus
1372 3020 1412 3085 ab
1422 3018 1491 3084 An·

295 3105 553 3194 glo-Saxonibus,
578 3108 656 3174 etc.”
698 3107 780 3172 Nem
825 3107 881 3186 ,Ο
897 3106 1050 3186 Oamber3
1072 3118 1110 3172 ut
1129 3119 1246 3172 ooetera
1258 3105 1290 3170 fa
1330 3105 1381 3172 lloe
1402 3105 1491 3172 istius

317 3205 486 3272 retentam,
509 3203 529 3234 ‘⁶
542 3192 698 3259 divinam”
719 3193 792 3260 Mer
805 3194 849 3259 'ni
870 3193 919 3259 tui
941 3193 1029 3259 “dili
1070 3192 1185 3259 ntiam”
1198 3193 1233 3257 in
1247 3193 1433 3281 asportandi
1446 3217 1490 3260 ex

295 3217 423 3345 ibernia
437 3279 563 3368 lapidea
577 3279 633 3346 ille
647 3281 762 3346 chorea
776 3281 962 3370 Gygantum
984 3280 1019 3346 in
1062 3279 1239 3358 ritanniam,
1263 3279 1388 3358 laudas;
1410 3279 1491 3345 divi·

294 3389 368 3432 nam
383 3390 424 3432 an
437 3389 501 3432 non
515 3366 620 3458 potius
642 3366 829 3435 diabolicam
843 3367 938 3434 firisse
957 3367 1072 3456 magici
1092 3365 1237 3444 hominis,
1259 3379 1293 3432 et
1313 3374 1333 3408 ‘⁴
1344 3365 1426 3431 nati”
1447 3389 1491 3434 ex

294 3453 421 3520 diabolo
449 3463 469 3494 “
482 3453 631 3533 Incub0,”
655 3467 692 3520 ut
706 3467 741 3520 tu
767 3455 910 3533 affimas,
940 3453 1138 3542 diligentiam
1159 3452 1194 3518 in
1214 3451 1426 3518 transferendi
1447 3475 1491 3518 ex

295 3539 421 3606 ibernia
429 3539 463 3604 in
474 3540 671 3607 Britanniam
681 3554 715 3607 et
728 3541 893 3608 statuendi
906 3541 941 3605 in
956 3541 1025 3608 loco
1040 3562 1134 3628 quem
1149 3549 1185 3604 tu
1199 3539 1303 3627 signas
1318 3539 1438 3627 (idest,
1454 3539 1490 3606 in

293 3627 538 3714 transportandis
551 3651 608 3715 per
622 3639 687 3693 tam
701 3627 818 3716 longua
832 3641 983 3694 terrarum
998 3640 1030 3694 et
1053 3626 1161 3693 oceani
1182 3625 1282 3714 spatia
1305 3649 1375 3711 quta
1401 3649 1492 3714 aupe-

294 3723 365 3778 rant
390 3715 531 3792 800‚000
559 3716 679 3802 passus)
702 3714 758 3780 illa
779 3715 895 3781 choreb
916 3713 1064 3781 credam?
1100 3725 1133 3780 et
1153 3711 1262 3778 divini
1281 3711 1409 3813 speciali
1431 3737 1491 3802 ope

293 3799 392 3866 fultus
406 3800 467 3866 fuit
480 3825 591 3890 magus
605 3801 644 3867 ad
661 3801 848 3891 patrandum
862 3801 947 3868 istud
964 3801 1004 3902 (si
1018 3825 1083 3866 non
1097 3799 1224 3866 omnino
1238 3798 1383 3888 fingitur)
1399 3798 1490 3865 mira·

293 3886 402 3952 culum
424 3889 499 3952 verb
521 3911 649 3967 vanum,
672 3888 758 3974 quod
778 3888 902 3954 nullum
923 3887 984 3953 nisr
1005 3887 1210 3953 vanissimum
1238 3885 1351 3953 habuit
1368 3885 1491 3952 finem?

293 3997 406 4039 vanam
421 3973 572 4042 videlieet
585 3974 729 4064 gloriam,
752 3985 785 4042 et
798 3975 982 4041 memoriam
996 3991 1061 4040 tam
1075 3972 1196 4064 egregii
1210 3971 1365 4051 saciacus,
1386 3985 1420 4040 et
1433 3973 1491 4038 im·

292 4083 407 4125 mensae
422 4061 594 4127 multorum
608 4061 751 4150 lapidum
766 4061 858 4128 molis
877 4060 1168 4150 transportationem
1190 4081 1248 4148 per
1261 4083 1332 4125 aera
1345 4083 1389 4126 ex
1405 4059 1490 4126 lber·

291 4145 346 4212 nit
359 4146 394 4211 in
409 4147 586 4232 Angliam?
617 4147 682 4214 Sed
696 4147 780 4228 vide,
807 4148 833 4214 si
848 4149 962 4236 placet,
977 4147 1148 4214 vanitatem
1163 4147 1260 4212 totius
1272 4145 1362 4212 istius
1377 4146 1490 4213 fabula

291 4233 434 4313 Merlini,
450 4248 482 4300 et
496 4233 572 4300 alias
587 4235 665 4321 ejus,
689 4235 754 4301 risu
769 4235 874 4324 potius
888 4236 983 4322 qulam
994 4234 1145 4301 relatione
1160 4245 1214 4299 aut
1228 4233 1291 4299 alit
1303 4232 1490 4300 refutatione

292 4320 411 4408 dignas,
424 4343 467 4386 ex
482 4319 625 4388 instituto
640 4345 657 4387 e
704 4322 784 4390 losas
799 4323 839 4389 ab
851 4321 956 4388 Alano
963 4321 1070 4410 copo,
1080 4321 1115 4386 in
1123 4343 1180 4387 suo
1191 4321 1338 4387 adversus
1349 4319 1490 4386 Balaeum

293 4407 431 4494 aliosque
445 4407 608 4478 haareficos
622 4407 686 4475 Dia
699 4433 759 4500 ogo
774 4413 805 4489 5,
820 4432 889 4497 cap.
905 4412 956 4476 19.

324 4599 336 4619 “
353 4594 419 4657 Qun
429 4595 591 4660 pessimiora
609 4596 697 4646 omnia
716 4601 809 4648 extant
825 4596 924 4648 inserta
934 4596 962 4647 in
974 4595 1091 4646 fabulosi
1107 4595 1214 4646 histor-ii
1230 4594 1376 4652 Britonnm,
1395 4593 1463 4644 odiu
1474 4607 1491 4642 a

293 4659 411 4710 Galirido
422 4663 522 4712 Arturo
540 4661 611 4711 dicto
627 4661 850 4722 Monumetbeosa,
871 4677 949 4724 quam
966 4661 1165 4724 quisquiliarum
1180 4667 1207 4712 et
1226 4673 1354 4722 nugamm
1374 4657 1488 4716 Martini,

291 4725 462 4788 odorumque,
483 4725 728 4784 concarcinatorcm,
750 4733 826 4777 vocat
837 4727 906 4777 inter
916 4727 1013 4778 multoe
1024 4727 1054 4776 R
1068 4727 1103 4778 D.
1116 4725 1250 4776 dabertus
1261 4723 1375 4781 Minus,
1389 4723 1417 4772 iu
1428 4723 1490 4772 Pro

291 4790 367 4848 smio,
389 4791 528 4854 expurgati
539 4805 555 4841 a
566 4805 593 4842 sa
605 4791 725 4842 chronici
738 4791 866 4856 sigeboti
878 4791 1079 4852 Gemblaeensis,
1097 4790 1194 4856 partim
1205 4789 1284 4842 auam
1295 4787 1397 4841 umam
1408 4801 1490 4852 nugas

291 4855 392 4918 sparsit
402 4861 430 4907 et
441 4856 593 4921 magnifacit
604 4855 744 4922 Gyraldus.
