3736 6054
411 705 454 771 54
748 718 1214 770 monocrarsomnsnnra.
1459 701 1552 791 [oar.
1569 721 1604 767 r.

410 899 507 1028 ppam
522 876 661 943 floruisse
676 876 711 941 in
725 875 851 943 Ibernib
865 899 1030 942 numerum
1044 887 1202 964 pastorum
1225 899 1261 942 ac
1308 874 1484 940 raelatorum
1498 899 1603 1029 Ἧι

1573 989 1604 1029 a·

445 964 474 1029 ei
489 964 657 1029 illustrium
672 988 690 1029 a
725 986 765 1029 ue
780 963 980 1051 optimorum,
1003 975 1039 1028 ut
1052 963 1178 1027 fuerunt
1200 963 1269 1030 S.S.
1334 961 1484 1042 mentius,

410 1051 507 1128 chiss,
537 1050 657 1128 Celsus,
688 1049 892 1127 Cristianus‚
922 1062 1053 1136 uterque
1082 1049 1223 1127 Edonus,
1254 1048 1408 1127 Malchus‚
1445 1049 1601 1130 Ncemias,

412 1136 563 1216 Gelasius,
591 1136 792 1216 Gillebertus,
820 1135 1013 1216 Catholicus,
1039 1149 1071 1201 et
1100 1136 1170 1214 alii;
1201 1159 1236 1201 ac
1260 1137 1391 1224 proinde
1416 1135 1601 1204 incredibile

410 1223 521 1302 videri,
536 1224 622 1310 qubd
636 1223 771 1312 populus
792 1236 826 1290 et
845 1247 925 1311 grex
947 1223 1143 1300 Ibernorrrm,
1165 1225 1232 1309 ejus
1253 1227 1401 1311 temporis
1423 1224 1562 1290 eruditus
1584 1249 1602 1292 a

410 1311 504 1376 tantis
518 1334 553 1376 ac
575 1322 622 1376 tot
643 1310 821 1376 doctoribus
842 1309 963 1388 sanctis,
986 1309 1156 1374 “omnium
1178 1309 1261 1376 orbis
1304 1310 1423 1374 entium
1446 1333 1482 1376 ac
1503 1335 1602 1410 popu·

395 1398 511 1463 ⁴lorum
536 1396 768 1476 incultissimus,
794 1397 984 1475 rudissimus,
1007 1397 1166 1484 pessimus,
1190 1396 1224 1460 in
1249 1333 1324 1462 trieri
1349 1396 1536 1462 rudimentis
1564 1423 1600 1464 ac

409 1507 534 1638 rporulpn
563 1484 716 1584 modestis
743 1484 869 1572 penitis
897 1484 1101 1573 permanserit
1129 1483 1282 1572 ignarus,''
1317 1496 1354 1549 ut
1389 1483 1600 1551 calumniatur

442 1595 493 1636 am
515 1595 619 1636 rensrs.

453 1657 559 1724 Venio
575 1657 615 1724 sd
628 1657 756 1724 tertium
770 1671 852 1724 retro
867 1657 1008 1724 seculum
1023 1655 1159 1736 atu0‚G
1227 1657 1278 1734 dc,
1289 1655 1448 1734 videlicet,
1464 1657 1503 1722 ab
1518 1681 1599 1724 anno

409 1744 515 1810 salutis
538 1747 602 1811 900
624 1769 723 1831 usque
745 1744 895 1823 adroso,
917 1744 1077 1834 pietatem,
1100 1767 1154 1809 ecc
1167 1743 1321 1810 esiastioss
1350 1744 1599 1824 consuetudines,

410 1831 514 1896 studia
528 1832 679 1898 bonarum
693 1832 867 1898 litterarum
881 1855 1048 1920 syncerum
1062 1855 1098 1895 ac
1119 1829 1324 1896 sufficientem
1346 1830 1380 1895 in
1400 1845 1494 1919 gente
1517 1831 1601 1897 lber·

409 1942 532 1998 norum,
547 1919 683 2007 viguisse
698 1919 841 1985 notitiam
856 1918 896 1983 de
917 1919 1010 1984 rebus
1033 1917 1204 1983 Catholicae
1225 1917 1310 1984 fidei.
1355 1917 1414 1995 Te,
1430 1942 1449 1982 o
1464 1918 1602 1984 veritatis

409 2005 498 2093 impu
545 2006 630 2072 ιιοιι
652 2029 717 2072 ιιοιι
731 2006 857 2072 videtur
870 2005 995 2070 latuisse
1009 2027 1125 2070 nornen
1140 2017 1172 2069 et
1186 2003 1294 2083 vitem,
1327 2029 1376 2069 usa
1391 2016 1446 2070 tuo
1460 2017 1601 2093 tempore

410 2105 443 2158 et
456 2116 489 2156 m
525 2093 563 2159 tis
578 2095 649 2160 ante
664 2092 776 2180 passim
791 2093 919 2178 vulgata
932 2091 1003 2168 fuit,
1020 2091 1052 2157 S.
1071 2091 1212 2178 Sulgeni,
1228 2115 1270 2180 po
1292 2029 1386 2158 sileris
1401 2115 1437 2157 ao
1451 2092 1528 2158 civis
1543 2093 1600 2170 tui,

411 2178 566 2267 Gyralde:
589 2193 621 2245 et
635 2179 701 2244 nati
715 2180 750 2244 in
764 2184 820 2244 ιιιΐι
834 2179 1006 2256 Britannis,
1022 2191 1095 2267 post
1108 2201 1223 2243 annum
1239 2115 1346 2244 salutis
1362 2180 1435 2256 000,
1451 2179 1505 2244 sed
1520 2193 1600 2244 mor·-

409 2277 500 2331 tuum
518 2265 601 2332 circa
617 2267 709 2332 1000.
754 2265 845 2332 Audi
859 2265 957 2354 igitur
972 2265 1049 2351 quid
1066 2267 1143 2351 (non
1158 2265 1346 2331 domesticus
1361 2289 1448 2330 meus
1461 2265 1601 2354 scriptor,

410 2352 477 2418 sive
491 2353 608 2440 priscus
630 2353 696 2418 sive
718 2377 836 2432 recens,
858 2354 916 2439 qui
938 2353 998 2418 tibi
1019 2353 1146 2418 fortasse
1169 2376 1219 2417 sus
1261 2366 1329 2418 ctus
1350 2367 1440 2431 esset,
1453 2367 1600 2439 tanquam

410 2439 615 2526 adversarius)
631 2451 703 2506 tuus
718 2441 886 2506 admirator
899 2450 931 2505 et
945 2439 1102 2527 popularis
1124 2376 1302 2505 Gulieliirus
1316 2439 1505 2519 Camdenus,
1527 2440 1602 2506 alio·

410 2526 488 2612 quin
506 2526 1049 2606 baereticus,ethostis1bemorum,
1065 2525 1194 2592 sedhtc
1211 2527 1245 2591 ιιι
1267 2549 1300 2590 re
1323 2526 1362 2592 de
1383 2532 1447 2612 qut
1509 2527 1516 2539 '
1553 2551 1599 2606 us,

409 2613 522 2678 meritb
548 2614 714 2713 impatiens
739 2627 863 2680 tuorum
885 2613 1129 2692 mendaciorum,
1156 2613 1270 2679 scribat
1295 2636 1338 2678 ex
1364 2551 1554 2701 prisotabdb
1569 2628 1602 2680 et

409 2715 629 2780 monumentrs,
642 2701 676 2766 in
690 2707 746 2766 sut
760 2701 933 2781 Britannia,
948 2700 1064 2788 pagini
1079 2701 1153 2776 684,
1164 2699 1200 2764 in
1211 2699 1279 2764 haec
1290 2699 1402 2766 verba!
1447 2709 1467 2739 “
1479 2701 1601 2788 Anglo·

410 2810 542 2853 saxones
567 2787 674 2867 nostri,
698 2787 755 2854 ills
780 2801 870 2853 astate
887 2791 1016 2875 (nempe
1031 2812 1050 2852 a
1066 2787 1212 2853 100οιιιο.
1233 2785 1357 2852 circiter
1379 2786 1486 2852 salutis
1507 2811 1599 2866 auno,

410 2888 443 2938 et
457 2877 538 2939 retrb
555 2899 612 2963 per
626 2888 761 2961 quatuor
775 2887 829 2941 sut
844 2874 984 2962 quinque
1006 2873 1135 2961 secula)
1151 2873 1185 2938 in
1207 2872 1367 2940 Iberniam
1388 2887 1538 2961 tanquam
1560 2875 1601 2940 ad

409 2961 562 3026 bonerum
584 2962 759 3029 litterarum
784 2975 991 3028 mercaturam
1013 2961 1154 3048 undique
1178 2961 1416 3038 confluxerrmt3
1449 2961 1535 3027 unde
1561 2962 1601 3028 de

409 3047 485 3112 viris
501 3048 613 3114 sanctis
628 3049 820 3138 saepissime?
835 3051 935 3134 (nota,
952 3048 1105 3116 Cambari
1127 3047 1212 3114 istud
1227 3057 1247 3087 “
1260 3048 1464 3147 saepissimb‚”)
1483 3048 1517 3112 in
1531 3071 1601 3114 nos·

409 3133 465 3197 tris
479 3134 681 3222 scriptoribus
703 3136 829 3224 legitur,
852 3135 1067 3201 “amandatus
1092 3148 1140 3200 est
1165 3135 1205 3200 ad
1231 3133 1309 3200 discr
1332 3135 1429 3199 linarn
1454 3133 1488 3200 in
1513 3135 1600 3201 Iber·

409 3219 526 3284 niam:’'
547 3233 581 3286 et
608 3220 644 3286 in
674 3221 807 3309 Sulgeni
835 3222 911 3300 virs,
941 3245 1066 3307 quoque
1096 3221 1152 3306 qui
1180 3233 1252 3286 ante
1283 3223 1301 3286 6
1371 3245 1467 3287 annos
1493 3220 1600 3288 floruit

409 3306 592 3406 “exemplo
606 3319 740 3396 patrum,
756 3321 930 3373 commotus
944 3331 1048 3373 amore
1063 3308 1200 3396 legendi,
1216 3307 1276 3374 ivit
1290 3309 1330 3372 ad
1344 3307 1474 3374 Ibernos
1490 3309 1600 3408 sophis

409 3392 546 3460 mirabih
562 3393 684 3461 clsros.”
726 3395 839 3474 Vides,
847 3407 925 3460 teste
937 3407 992 3460 tuo
1004 3393 1184 3474 domestico,
1196 3407 1227 3460 te
1238 3393 1428 3460 calumniam
1440 3409 1599 3475 struxisse,

409 3494 442 3544 et
455 3479 603 3567 injuriam
617 3480 736 3560 fecisse,
752 3493 784 3547 et
798 3481 945 3546 infamem
967 3480 1110 3546 libellum
1131 3481 1283 3569 sparsisse,
1306 3482 1431 3567 quando
1453 3483 1493 3547 de
1515 3483 1600 3548 Iber·

409 3591 522 3632 norum
536 3581 630 3656 gente
646 3569 780 3646 dicebas,
796 3591 864 3633 eam
879 3592 935 3655 per
949 3579 995 3633 tot
1009 3581 1086 3655 quot
1107 3568 1263 3634 curricula
1284 3593 1437 3634 annorum
1458 3569 1599 3635 defluxe-

408 3667 493 3733 runt,
509 3678 528 3720 a
542 3656 652 3723 diebus
668 3653 701 3722 S.
718 3655 843 3722 Patritii
857 3678 957 3741 usque
971 3655 1012 3720 ad
1025 3668 1105 3733 tuos,
1121 3655 1179 3720 vix
1223 3669 1312 3721 rarter
1333 3680 1447 3723 nornen
1469 3655 1599 3722 Christi·

410 3763 515 3819 anum,
531 3743 583 3808 vel
597 3743 765 3843 vestigium
775 3743 901 3808 sincerae
912 3741 986 3808 fidei
998 3741 1181 3822 Catholicae,
1193 3679 1428 3831 disciplinarum
1437 3744 1599 3824 bonarum,

409 3827 583 3980 probitatis,
598 3829 770 3917 religionis,
784 3829 952 3909 modestiae,
974 3829 1028 3894 vel
1048 3851 1172 3894 morum
1193 3829 1412 3910 humanorum,
1438 3831 1540 3896 visum
1565 3831 1600 3896 in

430 3913 552 3993 berni&
574 3917 629 3982 sed
652 3917 757 3982 omnia
778 3917 941 3995 malorum,
964 3917 1125 3996 scelerum,
1152 3917 1312 3995 barbarice,
1334 3917 1599 4004 superstitionum,

409 4013 470 4066 etc.
486 4025 610 4101 genera,
635 4003 763 4091 species,
787 4003 969 4082 individua3
990 4005 1035 4068 its
1059 4027 1195 4089 namque
1219 4003 1385 4089 aliquando
1411 4004 1515 4091 placet
1540 4005 1599 4072 tibi

409 4087 497 4174 loqur
512 4102 605 4175 atque
620 4090 791 4157 discurrere
807 4091 846 4156 de
861 4089 980 4156 miseris
994 4113 1051 4178 per
1065 4103 1096 4155 te
1112 4090 1246 4157 Ibernis.
1281 4089 1316 4155 Si
1332 4114 1395 4156 non
1411 4090 1525 4157 arridet
1540 4092 1600 4158 tibi

411 4173 601 4256 camdenus,
625 4177 775 4246 arridebit
796 4179 930 4244 fortassis
951 4177 1029 4243 alius
1049 4177 1105 4244 sed
1125 4178 1235 4277 priscas
1250 4175 1335 4256 fidei,
1351 4177 1523 4243 dummodo
1536 4203 1600 4244 non
1642 4225 1645 4230 -

409 4284 498 4328 meus
520 4261 717 4330 domesticus.
762 4266 814 4331 Err
836 4265 895 4331 tibi
915 4265 1053 4353 priscum
1074 4279 1266 4352 sonptorem,
1279 4262 1472 4329 Germanum
1494 4287 1600 4330 mons·

409 4348 515 4427 chum,
531 4349 590 4416 tibi
605 4375 669 4417 non
682 4352 836 4440 ignotum,
853 4353 1073 4418 Hermannum
1089 4352 1293 4418 Contractum
1310 4353 1409 4438 (apud
1424 4351 1599 4416 Henrioum

410 4433 582 4515 Caninium,
597 4451 672 4504 tom.
692 4444 704 4503 l
723 4438 851 4525 Antiq.)
867 4439 923 4526 qui
938 4439 977 4504 de
991 4441 1083 4504 rebus
1097 4438 1205 4506 soeouli
1219 4462 1237 4502 a
1252 4450 1307 4503 tuo
1322 4437 1416 4515 tertii,
1432 4437 1537 4515 idest,
1560 4441 1599 4504 ab

410 4545 491 4589 anno
505 4523 692 4590 salutis·900
707 4549 804 4620 usque
820 4527 859 4590 ad
878 4533 959 4592 1000
975 4540 1008 4592 et
1024 4527 1119 4605 1023,
1135 4527 1263 4612 loquens
1278 4525 1333 4604 ita,
1349 4525 1402 4602 ait,
1417 4523 1500 4588 inter
1522 4524 1598 4604 alia3

409 4619 428 4649 ‘⁴
440 4610 525 4698 apud
541 4609 573 4676 S.
590 4611 728 4688 Gallum,
745 4612 997 4697 (celeberrimum
1010 4614 1045 4677 in
1059 4612 1229 4679 Germanis
1243 4610 1434 4762 coenobiumg
1451 4609 1600 4677 Foilanus

411 4695 523 4763 Scotus
537 4698 677 4764 eruditus
693 4699 788 4784 (nosti
803 4713 835 4764 et
849 4699 953 4764 fateris
968 4699 1001 4763 ιιι
1023 4705 1078 4766 rua
1104 4706 1117 4765 l
1147 4698 1283 4777 distinct,
1307 4722 1375 4785 cap.
1391 4699 1410 4762 2
1436 4747 1444 4774 ,
1470 4695 1600 4764 Scotum

409 4781 502 4872 hujus
518 4787 666 4875 temporis
681 4801 713 4852 et
727 4785 864 4875 priorum
880 4785 973 4852 titisse
989 4788 1188 4874 synonimum
1203 4810 1276 4854 cum
1298 4786 1428 4871 lberno)
1452 4784 1511 4851 has
1534 4785 1600 4852 virs
