3736 6054
423 772 464 837 32
787 784 967 835 seotocrr
981 785 1052 835 rao
1074 777 1259 832 amussis.
1456 766 1547 855 [cnr.
1564 787 1613 834 rv.

422 957 471 1009 ret
485 967 540 1032 pro
557 943 682 1010 Christo
696 941 786 1019 mori,
802 953 838 1006 ut
853 953 971 1006 tantam
986 939 1104 1006 Christi
1118 959 1248 1028 gregem
1262 937 1435 1006 desolatum
1456 940 1612 1028 relinque-

421 1045 484 1109 ret;
500 1032 609 1096 verbm
624 1029 688 1108 ille,
700 1040 795 1092 totam
812 1051 899 1116 spem
921 1051 1009 1093 auam
1029 1049 1148 1116 ponens
1161 1025 1196 1092 in
1211 1026 1360 1105 Domino,
1376 1033 1441 1092 toth
1455 1028 1613 1094 alacritate

420 1116 571 1206 perrexit,
591 1117 690 1181 tribus
712 1116 833 1180 tantbm
855 1114 1020 1180 comitatus
1039 1109 1210 1202 discipulis,
1260 1114 1350 1180 aratis
1372 1113 1452 1180 mori
1474 1139 1547 1180 curn
1562 1140 1611 1195 ec,

351 1231 357 1244 ·
421 1203 487 1289 qui,
515 1217 551 1268 ιιι
565 1202 682 1270 calcato
696 1200 805 1266 limine
833 1201 944 1268 dombs
969 1201 1108 1288 repente,
1131 1225 1163 1266 se
1182 1219 1233 1266 me
1258 1196 1288 1266 'o
1314 1200 1388 1266 tulit
1412 1215 1611 1282 armatorum,

420 1305 507 1356 scuto
521 1289 597 1356 fidei
613 1303 746 1354 armatus
760 1287 838 1376 ipse,
865 1287 1028 1356 concidere
1043 1287 1136 1354 facies
1159 1286 1311 1366 omnium,
1332 1287 1388 1374 qui
1409 1311 1508 1376 pavor
1521 1288 1613 1354 irruit

419 1399 512 1464 super
526 1400 587 1454 eos,
602 1389 639 1440 ut
654 1375 757 1442 dicere
772 1389 876 1463 posset
891 1375 1068 1463 episcopus:
1091 1374 1147 1460 qui
1162 1371 1313 1440 tribulant
1326 1398 1377 1440 me
1400 1374 1522 1440 inimici
1537 1375 1611 1455 mei,

419 1463 481 1551 ipsi
494 1462 643 1528 infirmati
657 1474 730 1527 sunt
745 1475 777 1528 et
796 1461 985 1528 ceciderunt.
1030 1461 1103 1527 Hoc
1125 1462 1255 1527 verbum
1278 1485 1387 1526 verum
1410 1475 1465 1539 est,
1487 1461 1611 1528 videres

419 1550 553 1616 hostiam
576 1561 719 1627 stantem,
741 1548 900 1616 carnifices
921 1548 1000 1614 serm
1023 1548 1148 1614 armatis
1169 1547 1465 1635 manibusundique
1481 1549 1611 1614 circum·

419 1649 534 1703 stantes
542 1649 574 1702 et
584 1635 639 1722 qui
650 1635 835 1715 immolaret,
851 1659 915 1701 non
930 1647 1007 1701 erat.
1050 1634 1180 1700 Putares
1194 1649 1318 1722 stupere
1333 1634 1474 1713 lacertos,
1488 1635 1532 1700 sio
1547 1659 1611 1702 non

419 1723 480 1788 fuit
501 1723 555 1810 qui
578 1723 763 1790 extenderet
786 1745 924 1800 manum,
949 1745 1021 1786 nam
1044 1735 1077 1787 et
1097 1720 1124 1786 is
1146 1741 1271 1807 quoque
1291 1721 1346 1809 qui
1367 1735 1463 1808 caput
1483 1723 1611 1788 malitias

420 1809 596 1889 videbatur,
622 1808 756 1897 assurgit
770 1808 800 1876 ei
823 1809 927 1898 potius
950 1809 1044 1894 quam
1068 1807 1213 1896 insurgit,
1239 1811 1305 1886 bc„
1319 1831 1368 1874 ras
1388 1809 1477 1887 mira,
1500 1833 1610 1897 pacem

420 1897 556 1964 offerunt
580 1895 636 1984 qui
661 1919 771 1962 necem
790 1908 991 1995 paraverant;
1012 1918 1077 1960 nou
1099 1907 1146 1960 est
1167 1893 1252 1980 quod
1274 1895 1391 1961 abnuat
1412 1895 1467 1982 qui
1490 1909 1523 1961 et
1536 1896 1610 1962 vitae

418 1983 559 2072 periculo
586 1981 769 2070 quaesiverat
791 1982 895 2060 illam3
917 1981 1023 2068 itaque
1047 1981 1128 2047 facta
1150 1993 1195 2046 est
1216 2001 1292 2069 pax,
1315 1994 1348 2046 et
1371 1995 1434 2047 tam
1451 1982 1551 2062 firma,
1573 1997 1610 2048 ut

418 2071 459 2136 ab
473 2071 529 2136 illa
544 2069 606 2147 die,
620 2070 741 2135 hostem
757 2069 897 2136 sacerdos
911 2093 976 2133 non
990 2067 1083 2134 modo
1098 2080 1244 2156 pacatum
1258 2063 1412 2148 habuerit,
1427 2069 1483 2134 sed
1504 2070 1609 2136 subdi-

418 2170 497 2235 tum,
512 2156 736 2222 soddevotum.
781 2155 854 2235 Quo
868 2154 975 2220 audito
989 2153 1097 2220 fideles
1112 2154 1229 2240 quique
1244 2154 1345 2242 gavisi
1359 2169 1444 2236 sunt,
1469 2180 1531 2242 quo
1546 2181 1610 2224 non

417 2243 512 2308 modb
528 2242 663 2308 salvatus
676 2242 717 2306 sit
730 2242 854 2340 sanguis
868 2241 1018 2307 innoxius
1032 2241 1066 2306 in
1081 2241 1133 2306 die
1148 2240 1213 2320 illa,
1223 2241 1278 2306 sed
1293 2255 1325 2307 et
1333 2242 1514 2308 nocentium
1530 2244 1609 2309 mul-

418 2341 521 2394 torum
533 2328 654 2406 anima,
667 2327 833 2394 Malachiae
844 2329 963 2393 meritis
973 2327 1127 2394 evaserint
1136 2326 1325 2394 adsalutem.
1348 2329 1393 2394 Et
1404 2330 1610 2429 apprehendit

418 2439 525 2482 omnes
548 2415 790 2499 circumquaque
813 2414 906 2480 timor
927 2414 1098 2494 audientes,
1121 2415 1277 2501 quomodo
1303 2413 1381 2481 duos
1410 2417 1609 2484 immicorum

418 2503 486 2589 ejus
500 2501 555 2587 qui
570 2500 751 2566 viderentur
764 2501 905 2568 fortiores
919 2515 952 2568 et
964 2501 1129 2568 ferociores
1143 2501 1178 2566 in
1193 2501 1394 2589 generatione
1409 2508 1464 2568 sua
1479 2504 1523 2569 sic
1537 2507 1609 2571 sub-

418 2588 485 2654 diu
507 2587 623 2654 virtute
644 2587 811 2674 prostravit
832 2587 931 2668 Deus,
953 2588 1049 2654 istum
1071 2588 1191 2674 loquor,
1213 2589 1269 2674 qui
1290 2587 1325 2654 in
1346 2589 1490 2656 manibus
1505 2603 1560 2669 est,
1577 2605 1610 2658 et

416 2699 491 2742 eum
505 2675 545 2740 de
561 2697 622 2761 quo
637 2675 778 2762 superius
792 2674 872 2753 dixi,
887 2674 1029 2754 fulmine,
1052 2675 1092 2740 de
1107 2674 1187 2741 coelo
1201 2687 1320 2740 tactum
1335 2699 1408 2742 cum
1423 2677 1522 2744 tn'bus
1537 2677 1606 2744 aliis

417 2761 573 2830 sceleratis
584 2761 815 2828 insidiatoribus
823 2761 883 2828 viri
894 2762 965 2828 Dei.
988 2761 1033 2827 Ilt
1099 2761 1341 2828 t:“Malachias
1349 2764 1429 2828 miri
1439 2764 1608 2830 triennium

417 2849 540 2916 redditu
564 2848 768 2914 retributione
790 2849 939 2939 superbis,
962 2861 995 2915 et
1015 2848 1039 2913 li
1081 2860 1159 2915 rtate
1180 2848 1319 2915 ecclesia
1341 2851 1492 2930 restituto,
1518 2851 1609 2966 pulsa

415 2936 569 3016 barbarie,
591 2950 624 3002 et
644 2935 817 3002 reformatis
837 2936 956 3036 ubique
971 2936 1109 3004 moribus
1133 2935 1320 3002 christiania
1345 2937 1517 3026 religionis,
1553 2947 1607 3006 tro.

417 3023 463 3090 Et
471 3023 557 3102 alibi,
567 3032 586 3062 “
594 3022 724 3088 cessavit
733 3022 857 3100 duritia,
863 3024 985 3109 quievit
995 3022 1160 3100 barbaries,
1172 3022 1327 3110 (dioecesis
1335 3021 1565 3113 Concretensis)
1576 3039 1609 3092 et

418 3110 530 3174 domus
545 3133 731 3207 exasperans
745 3109 897 3207 paulatim
912 3109 1004 3175 leniri
1018 3111 1123 3198 coepit,
1169 3109 1298 3176 aulatim
1313 3111 1541 3199 correptionem
1556 3113 1608 3178 ad·

415 3196 550 3272 mittere,
565 3219 703 3282 recipere
725 3195 932 3283 disciplinam,
947 3195 1082 3261 fiuntdc
1097 3133 1202 3262 medio
1227 3195 1395 3264 barbaricas
1421 3198 1517 3286 leges,
1545 3199 1608 3264 Ro-

347 3307 353 3316 ·
415 3305 515 3347 mana
530 3281 776 3360 introducantur,
790 3281 986 3368 recipiuntur
1000 3284 1117 3368 ubique
1133 3283 1347 3349 ecclesiastica
1359 3285 1609 3368 consuetudines,

416 3368 577 3434 contrarie
592 3366 786 3453 rejiciuntur,
802 3367 1029 3434 reaedificantur
1043 3369 1188 3448 basilicae,
1205 3370 1365 3436 ordinatur
1375 3371 1475 3437 clerus
1486 3371 1520 3436 in
1535 3373 1607 3453 illis,

417 3465 680 3522 sacramentorum
695 3453 845 3520 solemnia
858 3455 917 3520 rite
925 3454 1131 3535 celebrantur,
1142 3456 1349 3524 consessiones
1358 3457 1447 3538 fiunt,
1462 3459 1502 3524 ad
1511 3460 1609 3526 eccle
1633 3475 1645 3500 ·

415 3541 493 3608 siam
508 3540 701 3608 conveniunt
713 3541 832 3628 plebes,
843 3542 1068 3608 concubinatus
1082 3543 1225 3609 honestat
1238 3543 1402 3610 celebritas
1415 3545 1608 3634 nuptiarum,

417 3629 571 3782 gernemb
583 3627 670 3694 sicin
680 3627 792 3694 melitis
803 3641 922 3696 mutata
931 3629 1044 3708 omnia,
1055 3642 1091 3695 ut
1099 3629 1193 3696 hodie
1200 3631 1270 3718 (illa
1278 3631 1431 3698 scribebat
1438 3631 1469 3698 S.
1477 3633 1607 3699 Bemar·

440 3739 477 3782 us
490 3739 572 3782 anno
587 3714 693 3780 salutis
705 3717 789 3782 1150
798 3729 852 3782 aut
860 3715 997 3803 circiter)
1013 3716 1061 3782 illi
1098 3717 1163 3782 enti
1177 3718 1343 3784 conveniat
1358 3719 1443 3806 quod
1452 3720 1608 3787 Dominus

460 3801 651 3890 rprophetas
665 3801 758 3868 dicit:
775 3803 829 3889 qui
841 3816 912 3870 ante
919 3827 984 3869 non
995 3741 1131 3904 populus
1141 3828 1239 3883 meus,
1254 3829 1339 3871 nunc
1349 3798 1484 3894 populus
1494 3809 1608 3874 meus.”

455 3911 500 3955 aec
515 3901 547 3956 at
561 3889 660 3977 plura,
676 3889 806 3977 scriptor
819 3903 952 3970 sanctus,
967 3891 1001 3956 in
1012 3896 1077 3956 vita
1088 3891 1255 3956 Malachiae
1264 3903 1297 3958 et
1310 3891 1345 3956 in
1358 3915 1498 3960 sermone
1514 3917 1608 3980 quem

418 3975 530 4042 habuit
539 3975 574 4040 in
586 3976 637 4042 dic
648 3975 851 4064 depositionis
866 3979 1018 4066 ejusdem,
1028 3990 1061 4045 et
1074 3977 1108 4042 in
1119 3977 1212 4044 variis
1221 3977 1369 4066 epistolis,
1380 3993 1447 4048 tuor
1457 3980 1497 4046 ad
1508 3981 1608 4048 Mala·

417 4062 522 4130 chiam
537 4062 640 4128 adhuc
655 4063 690 4128 in
703 4065 792 4130 terris
814 4065 985 4144 viventem,
1008 4078 1077 4130 tum
1092 4079 1125 4132 et
1140 4065 1180 4131 ad
1195 4065 1324 4131 Ibernos
1347 4089 1425 4151 quos
1447 4066 1487 4134 de
1509 4084 1607 4134 morte

417 4147 585 4215 Malachiae
601 4149 717 4216 solatus
732 4151 834 4218 dierat
847 4151 913 4241 ipse
928 4152 1114 4218 Bernardus.
1159 4151 1250 4230 Haeo,
1272 4151 1470 4240 impudentia
1491 4155 1607 4220 calum-

415 4236 475 4302 nia
494 4235 692 4303 cambrensis
706 4238 811 4326 coegit
833 4263 884 4305 me
904 4239 1112 4329 descripsisse,
1132 4239 1188 4326 qui
1211 4261 1275 4304 non
1298 4239 1399 4304 solirm
1421 4241 1511 4307 novit
1533 4242 1607 4331 (etsi

414 4321 518 4388 noluit
532 4321 635 4408 fateri)
652 4346 708 4388 suo
722 4325 826 4390 seculo
840 4325 875 4392 in
891 4325 1018 4394 Ibernio
1031 4326 1172 4393 floruisse
1194 4324 1328 4415 optimos
1343 4325 1413 4392 illos
1434 4328 1608 4394 animarum

414 4422 551 4497 pastores
564 4423 597 4474 et
610 4421 731 4476 sanctos
746 4411 936 4478 Malachiam
956 4428 989 4480 et
1003 4413 1219 4492 Laurentium,
1236 4412 1363 4500 (relatos
1378 4411 1412 4477 in
1431 4414 1609 4501 catalogum

414 4508 589 4562 sanctorum
604 4495 754 4562 Romanas
779 4499 932 4584 ecelesia)
956 4502 1012 4566 sed
1033 4513 1066 4566 et
1086 4501 1177 4568 novit
1198 4523 1230 4566 se
1252 4500 1338 4588 apud
1358 4499 1553 4566 Bernardum
1573 4500 1608 4565 in

415 4582 481 4648 vita
496 4582 672 4662 Malachiae,
693 4583 804 4671 legisse
820 4609 892 4673 egre
917 4585 946 4651 'a
960 4587 1000 4653 de
1015 4587 1183 4666 miraculis,
1199 4599 1231 4652 et
1245 4585 1477 4675 praedicatione,
1492 4599 1525 4650 et
1538 4610 1607 4674 pas-

414 4669 506 4736 torali
521 4668 696 4736 animarum
711 4675 795 4750 curt,
810 4685 843 4736 et
864 4696 897 4738 ao
924 4672 1074 4740 'citudine
1097 4676 1228 4742 aliorum
1249 4672 1427 4762 praesulum,
1457 4672 1608 4760 cognovit

414 4757 534 4824 scilieet
548 4755 729 4845 proximum
739 4757 992 4856 praedecessorem
1005 4761 1182 4840 Malachiae,
1195 4761 1323 4828 Celsum
1339 4757 1607 4848 archiepiscopum

415 4857 448 4910 at
468 4843 633 4932 primatem
652 4845 796 4922 Ibernrae,
819 4857 978 4911 mortuum
1000 4871 1082 4914 anno
1102 4850 1209 4916 salutis
1236 4849 1331 4924 1128,
1356 4845 1443 4913 etin
1466 4845 1608 4913 Romano
