3772 6008
300 785 378 836 car.
396 767 488 856 vna]
647 785 827 834 aroucam
841 786 912 836 rao
928 787 1113 834 munaum.
1452 775 1495 840 93

300 939 555 1030 reprehenderit,
584 952 733 1026 tanquam
763 942 821 1006 scri
845 955 954 1021 torem,
985 965 1080 1027 quem
1108 944 1190 1031 saepe
1219 966 1283 1008 non
1312 945 1401 1026 ratio,
1431 971 1497 1013 non

181 1051 185 1058 ·
300 1029 425 1106 veritas,
440 1026 495 1093 sed
510 1027 610 1115 passio
620 1039 715 1127 regat
729 1039 762 1092 et
783 1053 800 1092 a
825 1043 921 1095 ectus.
968 1027 1032 1093 Sed
1046 1028 1107 1095 hoc
1122 1029 1191 1095 loeo
1214 1029 1388 1098 indicemus
1412 1057 1496 1100 nova

300 1115 436 1216 vestigia
450 1113 644 1180 vehementis
658 1113 825 1180 aversionis
847 1114 993 1205 Gyraldi,
1015 1127 1048 1179 et
1068 1117 1235 1182 verborum
1257 1116 1348 1182 valde
1370 1122 1496 1186 acerbo-

299 1226 371 1266 rum
384 1226 418 1266 m
433 1201 519 1280 alios,
544 1200 599 1287 qui
624 1202 807 1268 resistebant
830 1201 1020 1291 Reymundo
1046 1201 1104 1280 illi,
1132 1217 1164 1268 et
1189 1201 1351 1283 Maur-itio,
1367 1219 1400 1272 et
1426 1207 1496 1274 aliis

299 1287 670 1441 illssfflill‘iffll
683 1287 1496 1455 dilbmlilialillffnlitlbffiffl
1588 1352 1592 1362 ’

299 1424 496 1541 Aldelmuiu,
514 1399 653 1548 (dcujus
667 1425 798 1549 posteris
813 1476 895 1540 sunt,
911 1461 966 1549 qui
981 1485 1000 1527 a
1014 1463 1079 1528 400
1099 1463 1187 1528 aunis
1203 1462 1237 1528 in
1248 1463 1375 1530 Ibernio
1389 1489 1495 1554 super·

299 1547 386 1614 stitus
399 1561 481 1627 sunt,
496 1547 630 1614 illustres
645 1547 774 1614 comites
789 1549 829 1614 de
844 1549 962 1637 Burgo,
978 1548 1054 1614 alias
1070 1549 1326 1616 Clsnn-Rickard
1335 1551 1426 1640 dicti)
1439 1554 1496 1640 qui

299 1636 340 1701 ab
370 1634 510 1701 Henrico
534 1634 672 1702 monitus
696 1649 733 1700 ut
755 1635 934 1724 invigilaret
957 1647 989 1701 et
1013 1649 1148 1715 caveret,
1163 1660 1204 1702 ne
1230 1636 1308 1723 quid
1333 1640 1496 1706 turbarum

299 1721 489 1788 excitaretur
503 1746 522 1788 a
536 1721 727 1810 Reymundo
742 1733 776 1787 et
797 1722 948 1811 cognatis,
971 1721 1011 1788 de
1033 1723 1147 1809 quibus
1168 1747 1307 1790 rumores
1328 1727 1496 1792 nonnullos

298 1808 474 1874 inaudierat
488 1831 557 1887 rex,
582 1807 668 1895 qubd
692 1809 819 1876 somene
842 1833 890 1875 res
913 1833 1011 1874 novas
1033 1809 1068 1874 in
1090 1809 1217 1876 Ibemit
1238 1810 1342 1876 moliri
1363 1813 1496 1880 medita·

298 1909 418 1974 rentur,
433 1895 509 1962 fecit
523 1896 644 1961 Prorex
659 1896 744 1981 quod
759 1895 793 1961 iu
814 1895 969 1962 mandatis
990 1895 1128 1963 habebat
1148 1909 1181 1963 et
1201 1897 1295 1986 paulb
1318 1898 1440 1965 cautius
1461 1913 1495 1967 et

300 1982 456 2089 (99le
481 1982 657 2058 videbatur,
684 1982 817 2048 nimium
840 1983 947 2049 severe
962 1994 1055 2082 atque
1068 1982 1191 2083 invide)
1215 1983 1373 2069 aliquanto
1395 1999 1495 2054 auste-

297 2069 623 2236 ”titillata
636 2068 1332 2243 brutts„}‘,trrtr„rfflkrdttt‚
1351 2089 1494 2226 {limari}

310 2267 367 2308 oca
391 2242 427 2307 in
450 2242 468 2307 I
508 2243 588 2322 mis,
612 2266 701 2330 aeque
727 2243 893 2310 commoda
920 2243 956 2307 in
991 2242 1106 2329 quibus
1142 2181 1329 2323 babitarent,
1360 2270 1493 2333 quaeque

296 2330 401 2394 minbs
415 2343 557 2419 suspecta
571 2344 683 2410 essent,
698 2329 761 2396 illis
777 2330 993 2429 assignaverat.
1038 2329 1127 2410 Quid
1140 2330 1174 2395 in
1188 2330 1284 2396 istum
1294 2331 1492 2414 Aldelmum,

297 2415 466 2504 Gyraldus,
492 2430 668 2505 praetexens
694 2418 733 2483 ab
759 2417 816 2482 illo
838 2415 986 2503 rnjuriam
1009 2415 1129 2482 illatam
1153 2417 1290 2496 familia,
1313 2419 1491 2487 etfortunis

297 2517 478 2590 patruorum
504 2503 611 2584 isius,
642 2503 762 2569 dixerit
786 2516 819 2570 et
847 2501 1014 2591 scripserit,
1038 2502 1206 2592 intelliges,
1229 2503 1336 2582 lector,
1352 2529 1395 2570 ex
1423 2507 1492 2595 ipso

297 2589 497 2669 cambrense,
511 2529 567 2657 lib.
583 2593 602 2655 2
619 2589 759 2656 Vaticin.
770 2590 859 2690 Hist3
867 2613 934 2690 cap.
947 2591 998 2669 15,
1012 2590 1063 2668 16,
1081 2592 1132 2669 18,
1147 2590 1204 2657 ubi
1217 2591 1285 2656 haec
1299 2591 1397 2658 habet
1409 2592 1493 2660 inter

187 2679 207 2714 ““
296 2675 366 2742 alia.
411 2677 565 2744 “Videas
588 2677 777 2758 Gulielmus,
793 2689 826 2743 et
850 2676 995 2742 mudena
1020 2674 1246 2764 Reymundum
1271 2689 1336 2742 tam
1359 2678 1492 2766 pulchrt

291 2765 461 2850 juventute
485 2765 644 2852 stipatum,
670 2764 795 2830 intuens
821 2787 883 2851 quo
907 2787 947 2828 ue
971 2762 1122 2828 Milerum
1147 2775 1180 2828 et
1204 2763 1281 2828 alios
1306 2763 1492 2852 Reymundi

296 2864 424 2938 nepotes
450 2850 484 2916 in
509 2851 598 2938 equis
617 2850 847 2939 pulcherrimis,
876 2787 997 2938 clypeis
1018 2849 1190 2949 assumptis,
1213 2849 1306 2916 unius
1328 2864 1490 2918 armatura

296 2937 420 3003 circiter
454 2938 494 3003 tri
518 2939 584 3004 'nta
618 2937 735 3003 milites
766 2936 961 3025 juveniliter,
991 2945 1028 3000 ut
1056 2959 1151 3001 morra
1180 2949 1227 3002 est
1296 2960 1312 3004 r
1340 2961 1491 3027 campana

295 3023 456 3103 ludentem
479 2963 602 3090 airuns
617 3048 648 3090 sc
663 3037 797 3104 vertens,
808 3023 939 3089 demissa
948 3046 1035 3102 voce,
1052 3023 1248 3110 ‘superbiam
1286 3025 1364 3104 auc,'
1374 3024 1489 3125 inquit,

295 3110 330 3175 in
344 3111 434 3177 brevi
449 3112 662 3200 comprimam,
684 3122 718 3176 et
739 3111 866 3199 clypeos
891 3109 965 3176 istos
988 3108 1183 3198 dispergam!
1225 3111 1282 3177 Ab
1307 3111 1368 3178 hato
1392 3110 1404 3175 i
1439 3125 1491 3178 tur

295 3197 372 3262 hort
388 3197 561 3285 (videlicet,
577 3199 616 3265 ab
631 3222 713 3263 auno
727 3197 779 3263 sal.
795 3196 918 3262 circiter
941 3197 1035 3276 1176,
1051 3220 1113 3282 quo
1129 3195 1307 3262 Gulielmus
1320 3197 1406 3264 Alde
1452 3223 1490 3266 us

295 3284 384 3350 venit
397 3309 440 3349 ex
454 3285 575 3374 anglia
589 3309 705 3373 prorex
726 3285 761 3349 in
782 3283 955 3384 Iberniam)
982 3305 1103 3371 semper
1127 3296 1196 3348 tum
1221 3283 1291 3363 iste,
1315 3285 1410 3370 quam
1433 3286 1489 3351 alii

294 3385 505 3458 procuratores
517 3373 566 3459 (id
577 3385 635 3451 est,
645 3371 835 3524 vice-regesss
844 3371 988 3448 Ibermae,
1001 3370 1118 3463 cuncti,
1130 3370 1330 3458 Reymundo,
1341 3371 1487 3452 Meilero,

294 3471 360 3522 tam
374 3457 519 3525 Maur-itii
533 3459 607 3526 filiis
623 3460 718 3545 quam
735 3459 812 3546 Step
836 3457 947 3536 auidis
968 3457 1090 3544 totique
1111 3457 1230 3545 generi,
1253 3457 1386 3558 desuper
1406 3459 1488 3524 forte

293 3544 358 3610 lata
392 3546 555 3624 sententia,
589 3559 738 3632 tauquam
772 3544 987 3632 conjuratione
1021 3545 1167 3631 quadam,
1202 3568 1246 3610 ex
1274 3544 1396 3610 invrdia
1426 3545 1487 3632 (sic

293 3631 516 3720 interpretatur
530 3632 703 3720 Gyraldus)
718 3656 832 3698 nocere
847 3655 911 3698 uon
933 3635 1097 3697 cesserunt
1144 3630 1223 3696 Haec
1245 3630 1362 3696 etenim
1383 3631 1488 3719 gentis

293 3718 387 3805 hujus
403 3719 679 3809 (Gyraldinorum)
696 3742 789 3784 omen
804 3732 850 3784 est
863 3731 896 3784 et
906 3717 1045 3784 conditio
1056 3740 1178 3805 semper
1191 3717 1226 3782 in
1240 3722 1359 3784 armatb
1373 3718 1487 3784 militia

293 3805 390 3885 chari,
405 3830 526 3894 semper
539 3805 644 3895 primi,
658 3829 780 3894 semper
792 3805 885 3871 rebus
899 3805 933 3870 in
947 3804 1075 3883 martiis,
1097 3828 1174 3870 ausu
1186 3804 1286 3871 nobili
1300 3805 1486 3893 praestantis·

292 3893 381 3958 simi!
403 3907 540 3960 cessante
554 3894 628 3959 verb
643 3892 836 3970 necessitate,
851 3904 962 3958 statem
976 3892 1076 3971 exosi,
1085 3890 1190 3956 statim
1198 3890 1313 3970 ultimi,
1324 3892 1430 3957 statim
1445 3893 1486 3958 ad

292 3979 413 4059 ultima,
425 3981 524 4047 livore
538 3979 685 4068 depressi,
701 3992 759 4045 etc.
805 3979 884 4044 Erat
897 3991 1003 4044 autem
1025 3978 1203 4044 Gulielmus
1223 3978 1367 4043 Aldelmi
1388 3977 1483 4060 filius,

291 4066 564 4167 vircorpuleutus,
579 4080 644 4132 tam
658 4079 792 4145 staturae,
830 4067 903 4130 ulam
916 4066 1053 4144 factmae,
1064 4065 1264 4216 interpamm
1275 4064 1484 4132 mediocribus

291 4177 424 4240 majores
438 4155 511 4220 satis
525 4154 657 4233 idoneae,
672 4153 721 4218 vir
735 4153 811 4241 daps
837 4153 862 4218 'a
876 4169 909 4218 et
922 4151 1056 4219 curialis.
1102 4151 1143 4218 Se
1187 4151 1344 4239 quidquid
1358 4153 1484 4218 honoris

291 4241 439 4326 cuiquam
453 4241 618 4329 impendit,
633 4263 756 4328 semper
768 4240 802 4304 iu
816 4239 946 4318 insidiis,
968 4262 1090 4326 semper
1109 4238 1145 4303 in
1166 4238 1249 4317 dolo,
1271 4263 1394 4328 semper
1414 4264 1485 4328 pro·

313 4327 402 4393 inane
424 4330 482 4396 sub
497 4326 590 4401 melle
605 4351 772 4405 venenum,
788 4349 851 4392 sem
877 4351 911 4392 er
931 4327 1030 4392 latens
1052 4349 1092 4391 an
1137 4324 1163 4391 is
1184 4325 1219 4390 in
1239 4326 1347 4406 herba,
1374 4327 1424 4392 vir
1448 4327 1483 4392 in

290 4351 370 4480 iacis
384 4415 520 4481 liberalis
534 4430 566 4480 et
579 4413 669 4494 leuis,
694 4414 779 4479 intus
803 4349 878 4479 verb
902 4413 973 4501 plus
996 4413 1079 4478 aloes
1128 4414 1223 4479 abens
1248 4414 1344 4512 quim
1369 4413 1482 4492 mellis,

290 4509 446 4590 “semper
469 4500 651 4590 pelliculam
678 4515 817 4567 veterem
845 4499 991 4578 retinens,
1013 4499 1063 4564 vir
1083 4499 1185 4566 fronte
1206 4500 1333 4588 pohtus,
1349 4513 1482 4566 astutam

290 4588 406 4677 vapido
421 4601 546 4676 portans
559 4589 618 4654 sub
674 4601 757 4653 ctore
771 4585 916 4675 vulpem:
941 4610 1065 4675 semper
1077 4586 1184 4737 impia,
1199 4587 1258 4652 sub
1280 4587 1367 4652 dulci
1387 4588 1482 4652 melle

290 4699 413 4741 venena
426 4676 552 4742 ferens.”
589 4684 608 4714 “
661 4673 741 4740 olliti
756 4698 911 4741 sermones
925 4675 993 4761 ejus
1007 4696 1100 4761 super
1114 4697 1133 4738 o
1146 4697 1229 4752 eum,
1255 4673 1309 4738 sed
1324 4673 1383 4761 ipsi
1409 4685 1483 4738 sunt

277 4762 418 4849 ‘jacula'’
461 4762 561 4849 Cujus
574 4761 668 4827 hodie
684 4775 857 4841 venerator,
872 4785 938 4827 cras
952 4761 1092 4848 ejusdem
1107 4783 1121 4824 s
1144 4759 1264 4837 oliator,
1280 4759 1417 4826 existens
1429 4761 1481 4826 vel

289 4849 417 4916 delator.
462 4849 644 4917 Imbellium
658 4848 838 4929 debellator,
853 4848 1019 4914 rebellium
1034 4846 1108 4914 blan
1142 4859 1199 4928 tor,
1211 4844 1371 4913 indomitis
1382 4847 1480 4912 domi·
