3736 6054
243 821 399 910 cnr.1v.]
592 839 774 889 aroucam
795 841 865 890 rso
888 841 1073 888 ursanum.
1158 859 1162 868 ·
1293 867 1298 876 .
1399 824 1439 886 29

240 992 387 1080 gallensis
402 991 475 1058 urbs
488 995 655 1075 Helvetiae,
672 995 739 1061 aliae
763 1020 802 1063 ue
811 997 903 1062 urbes
913 1010 945 1062 ct
956 995 1142 1063 monasteria
1153 993 1307 1082 originem
1320 995 1439 1060 debent

240 1082 356 1158 suam,”
370 1093 403 1144 et
417 1081 493 1146 alibi
508 1082 562 1160 ait,
586 1091 605 1122 “
617 1083 731 1148 Primis
742 1022 795 1150 lis
810 1085 1002 1172 temporibus
1025 1085 1079 1172 (ab
1094 1105 1175 1147 anno
1190 1081 1297 1146 salutis
1312 1081 1437 1147 circiter

244 1167 308 1232 500
323 1180 377 1232 sut
391 1169 456 1234 600
471 1193 568 1254 usque
584 1170 623 1234 ad
640 1172 724 1236 1000
739 1172 817 1250 fere)
836 1171 889 1236 hic
906 1171 940 1234 in
955 1167 1125 1238 Glastoniae
1142 1167 1286 1233 coenobio
1307 1167 1442 1233 celeber·

240 1252 320 1318 rimo
350 1253 532 1333 Britanniae,
558 1256 619 1321 viri
645 1256 830 1323 sanctissimi
864 1257 934 1323 Deo
965 1256 1180 1344 invigilbrunt,
1214 1267 1246 1320 ct
1277 1254 1437 1342 praecipub

240 1340 388 1418 Ibernici,
400 1341 455 1428 qui
470 1343 681 1409 adolescentes
692 1357 725 1410 et
738 1345 855 1432 pietate
870 1345 1048 1430 artibusque
1063 1342 1208 1430 ingenuis
1222 1341 1440 1406 instrument?

238 1427 304 1492 Ista
327 1427 518 1494 mriversalia
540 1455 573 1494 ar
597 1443 723 1496 umente
747 1430 813 1496 siva
836 1432 1023 1508 testimonia,
1046 1431 1138 1518 plane
1160 1427 1221 1492 nisi
1243 1428 1343 1506 fallor,
1366 1427 1440 1493 satis

237 1513 339 1579 forent
355 1515 395 1580 ad
420 1455 644 1582 obstruendum
660 1541 694 1582 os
720 1517 876 1603 loquentis
896 1518 1005 1604 iniqua
1020 1532 1052 1582 et
1066 1517 1106 1582 ad
1127 1515 1331 1582 contumelias
1347 1513 1440 1580 Cam-

238 1600 355 1667 brensis
369 1625 426 1688 pro
441 1604 644 1670 mendacibus
658 1604 825 1682 habendas,
842 1604 924 1670 circa
938 1604 1080 1692 praelatos
1094 1617 1126 1668 et
1141 1623 1297 1690 praecones
1306 1625 1440 1688 evange-

237 1687 314 1752 licos
328 1687 523 1768 Ibernorum‚
539 1713 557 1756 a
572 1705 635 1757 tem
660 1715 711 1756 ore
730 1691 762 1757 S.
779 1691 904 1756 Patritii
923 1691 1077 1778 usquead
1093 1713 1208 1754 aunum
1220 1687 1327 1754 salutis
1344 1691 1439 1766 1188,

236 1798 300 1859 quo
315 1798 385 1840 suos
405 1777 606 1864 provulgarbt
629 1715 695 1856 ille,
717 1777 841 1844 libellos
855 1777 996 1843 famosos.
1042 1777 1198 1842 Oaeterum
1214 1774 1309 1840 fidam
1331 1775 1438 1840 datam

236 1885 288 1926 me
304 1860 435 1927 liberare
449 1877 583 1952 oportet,
605 1877 638 1930 et
651 1864 837 1952 specialibus
856 1864 1092 1952 probationibus
1114 1863 1271 1951 agendum
1292 1861 1440 1927 adversus

237 1947 425 2035 Gyraldum,
448 1973 543 2036 quem
565 1975 674 2039 cogam
697 1951 838 2017 confiteri
859 1975 891 2018 se
909 1951 1057 2017 rebellem
1072 1950 1165 2015 titisse
1188 1947 1301 2013 lumini
1315 1948 1381 2013 sive
1404 1961 1441 2014 ut

179 2063 182 2070 ¹
236 2033 373 2114 videtur,
394 2036 527 2102 scienter
545 2038 713 2104 mentitum
726 2039 762 2103 in
782 2062 816 2103 re
827 2039 944 2138 gravi;
970 2037 1145 2136 faciamque
1168 2049 1205 2100 ut
1225 2035 1323 2100 lector
1344 2059 1440 2100 rnanu

236 2133 290 2186 tan
332 2134 392 2187 tet
414 2124 521 2222 palpet
567 2125 635 2204 ede,
659 2149 774 2191 crassos
788 2125 873 2190 illius
888 2149 1013 2190 errores.
1056 2124 1128 2202 Ars,
1150 2122 1307 2188 uulluma
1327 2122 1438 2188 diebus

214 2270 220 2281 ,
236 2207 276 2275 Β.
321 2209 418 2275 anitii
432 2210 525 2276 fursse
541 2149 700 2292 lbernum,
716 2212 771 2298 qui
786 2235 843 2312 pro
858 2211 957 2278 debiti
972 2210 1075 2277 officio
1090 2223 1214 2276 vacaret
1228 2208 1436 2297 increpationi

237 2307 291 2360 aut
302 2295 527 2382 praedicationi,
540 2311 595 2364 aut
604 2299 800 2365 instructioni
811 2299 914 2387 gentis
929 2322 1022 2387 super
1036 2309 1145 2386 gentes
1159 2319 1276 2374 omnes,
1292 2296 1438 2374 enormis,

235 2382 384 2461 barbarae,
410 2407 538 2472 1111111111,
564 2386 650 2451 rudis
670 2385 704 2450 in
726 2387 819 2451 rebus
839 2385 984 2452 omnibus
999 2386 1040 2450 ad
1054 2385 1149 2450 fidem
1165 2396 1197 2450 et
1212 2405 1311 2448 mores
1326 2383 1434 2448 Chris-

235 2468 336 2535 tianos
351 2470 565 2552 attinentibus,
580 2472 634 2538 scd
648 2496 765 2551 omnes,
780 2497 877 2560 usque
893 2473 933 2538 ad
947 2496 1056 2551 unum,
1080 2481 1249 2559 “pastores
1264 2483 1317 2534 aut
1331 2469 1438 2557 praela-

235 2568 283 2622 tos
297 2580 362 2622 non
377 2581 418 2672 po
440 2557 539 2638 ulum,
561 2560 617 2634 sed
638 2560 819 2660 semetipsos
832 2560 975 2647 pascisse,
998 2583 1061 2624 non
1099 2558 1220 2623 mdesse
1233 2556 1369 2622 voluisse
1384 2555 1439 2620 sed

258 2666 375 2721 messe,
416 2581 538 2710 desides
562 2669 655 2734 super
679 2670 785 2712 omma
809 2647 903 2712 fuisse
917 2646 952 2710 in
966 2669 1022 2712 suo
1045 2583 1158 2722 ο10111οἱ
1181 2643 1300 2708 nullam
1321 2642 1437 2707 famam

235 2665 405 2796 bonestatis
414 2745 469 2797 sut
482 2731 644 2820 religionis
658 2732 846 2821 impressisse
860 2733 947 2821 plebi
961 2739 1016 2798 aut
1029 2731 1157 2816 reliquis
1172 2729 1346 2817 indigenis;
1363 2730 1431 2793 nul·

234 2815 302 2881 lum
316 2840 466 2903 unquam,
482 2819 536 2905 qui
547 2819 600 2885 vel
613 2843 712 2906 usque
727 2821 767 2884 ad
782 2819 926 2899 exilium,
941 2818 1056 2884 nedum
1073 2843 1109 2882 us
1132 2839 1171 2882 ue
1187 2816 1226 2881 ad
1241 2814 1437 2966 sanguinem,

234 2925 268 2968 se
293 2904 482 2970 commiserit
497 2905 646 2994 periculo,
661 2931 718 2994 pro
740 2930 835 2996 grege
850 2906 909 2972 sibi
924 2905 1054 2971 credito.
1130 2901 1199 2982 osti,
1216 2902 1304 2990 Gyra
1317 2903 1366 2979 de,
1382 2902 1437 2966 ali-

234 3013 331 3142 311111
345 2991 515 3080 scripsisse:
538 2993 672 3082 “pudor
686 2993 789 3060 doceri
805 3017 867 3058 non
879 3005 994 3092 potest,
1010 2990 1096 3058 nasci
1110 2990 1239 3078 potest,’'
1254 3001 1286 3054 et
1301 2988 1436 3054 Luciani

256 3091 467 3158 manentum,
477 3104 540 3165 quo
552 3079 789 3146 calumniatores
799 3081 971 3158 erudiebat,
983 3077 1091 3144 fuisse:
1108 3075 1172 3143 “Si
1183 3075 1353 3153 mentiaris,
1364 3075 1434 3139 uni-

231 3165 575 3232 cummedicamentum
585 3181 630 3232 est
639 3167 684 3232 im
708 3166 837 3232 udentia
844 3167 868 3245 ;”
877 3179 910 3231 et
921 3166 1014 3232 aliua:
1027 3175 1045 3204 “
1054 3163 1143 3246 Quid
1153 3163 1239 3229 dicas
1250 3175 1304 3230 aut
1315 3177 1434 3228 contra·

234 3249 328 3330 dicas,
343 3275 408 3318 non
422 3277 521 3332 cures,
537 3253 614 3320 dirm
628 3191 811 3331 malidicam
827 3245 960 3339 et'quod
973 3253 1062 3317 lubet
1076 3250 1222 3336 loquaris,
1244 3249 1434 3315 calumniare

235 3337 392 3418 audacter,
413 3363 485 3406 nam
508 3363 630 3429 semper
651 3340 771 3426 aliquid
794 3340 916 3406 haeret.''
960 3340 1005 3405 Et
1018 3352 1134 3417 tamen,
1158 3336 1365 3413 OSilvestcr,
1381 3360 1434 3400 ve·

234 3447 315 3504 rum,
343 3425 379 3490 in
407 3432 463 3492 tut
492 3427 546 3492 lib.
579 3430 599 3492 2
629 3429 782 3578 Exlpugn.
816 3425 949 3494 Iberniae
971 3451 1038 3514 cap.
1062 3427 1138 3506 23?
1168 3423 1276 3490 scribis
1310 3422 1433 3489 diceus:

232 3521 251 3552 “
265 3511 405 3590 Interaal
445 3514 632 3580 Laurentius
707 3514 878 3580 ublinensis
907 3512 1163 3601 archiepiscopus
1193 3509 1356 3598 (Iberniae)
1384 3509 1434 3574 vir

231 3597 331 3664 bonus
354 3613 387 3664 et
406 3600 521 3685 justus,
547 3603 588 3668 ob
614 3601 727 3689 privile
750 3601 781 3666 ia
794 3601 829 3665 in
844 3600 1047 3666 Lateranensi
1061 3597 1205 3676 concilio,
1221 3596 1273 3662 cui
1287 3596 1435 3661 intererat

232 3685 333 3836 lemno
361 3689 459 3775 1179)
485 3701 593 3755 eontra
607 3688 701 3776 regiae
750 3687 877 3776 gnitatis
902 3687 1063 3764 honorem,
1088 3685 1156 3751 zelo
1176 3707 1238 3750 suae
1259 3682 1371 3770 gentis,
1397 3695 1435 3746 ut

262 3773 398 3853 rebeum,
419 3773 585 3862 impetrata
604 3774 783 3863 Anglorum
797 3775 864 3873 regi
880 3789 1048 3862 suspectus,
1061 3785 1092 3837 et
1107 3773 1147 3838 ob
1163 3771 1223 3836 hoc
1239 3783 1302 3834 tam
1316 3769 1351 3833 in
1364 3769 1434 3834 An·

230 3857 362 3946 glicauia
377 3863 472 3946 quam
486 3861 521 3926 in
535 3861 744 3928 transmarinis
760 3861 872 3927 Galliae
917 3861 1035 3926 artibus
1049 3858 1205 3936 detentus,
1228 3869 1334 3922 tamen
1349 3855 1434 3944 apud

228 3949 374 4034 Augum,
389 3947 736 4014 Normanniaecastrum
753 3950 793 4014 18
809 3947 865 4013 cal.
915 3946 1077 4024 ecembris,
1093 3944 1282 4010 laboriosum
1307 3942 1381 4008 vitae
1400 3955 1432 4009 et

227 4031 289 4096 viae
304 4057 430 4100 cursum
444 4034 600 4102 felicifine
616 4034 797 4135 complevit,
813 4036 852 4100 de
868 4059 930 4120 quo
946 4031 1124 4098 interranis
1138 4030 1298 4110 miracula,
1318 4028 1433 4116 quibus

229 4117 264 4183 in
275 4118 337 4186 hoo
348 4144 404 4187 suo
414 4135 530 4200 sancto,
542 4147 575 4189 se
589 4121 765 4188 mirabrlem
779 4145 877 4208 usque
895 4121 928 4185 in
943 4120 1131 4186 hodiernum
1146 4118 1231 4183 diem
1243 4115 1388 4194 ostendit,
1401 4128 1434 4182 et

231 4205 304 4285 hoo,
319 4207 507 4295 inpartibus
521 4208 592 4285 illis,
608 4209 745 4298 primum
759 4203 898 4284 emicuit,
917 4209 987 4273 &c.”
1029 4207 1103 4273 Jam
1118 4206 1214 4272 habes
1228 4205 1336 4270 saltem
1348 4203 1435 4270 Iber·

229 4317 308 4360 num
323 4317 432 4372 unum,
448 4294 514 4380 qui,
529 4309 560 4364 te
575 4309 653 4362 teste
668 4295 807 4373 vivente,
824 4293 932 4382 (credo
948 4309 981 4359 et
996 4293 1094 4359 oculis
1109 4316 1190 4380 saepe
1205 4291 1333 4358 vidente
1349 4289 1433 4356 Lau·

229 4379 381 4468 rentium)
398 4396 503 4468 pastor
515 4383 576 4448 fuit
589 4384 699 4460 bonus,
718 4383 832 4469 justus,
859 4395 992 4459 sanctus,
1020 4404 1077 4469 pro
1101 4403 1197 4479 grege
1215 4377 1375 4454 sollicitus,
1402 4389 1435 4444 et

228 4489 287 4556 pro
297 4467 366 4556 ipso
377 4468 522 4548 exilium,
535 4470 629 4536 etiam
638 4469 787 4556 usquead
801 4483 944 4544 mortem,
959 4467 1090 4555 pertulit
1103 4469 1143 4532 ab
1157 4467 1268 4553 miquo
1279 4478 1334 4530 tuo
1346 4463 1435 4530 Hen-

226 4553 293 4620 rico
307 4577 392 4643 rege,
405 4557 503 4644 (nam,
518 4556 673 4644 iniquum,
689 4581 761 4623 eum
777 4555 915 4645 appellat
925 4555 1103 4620 Romanum
1115 4553 1313 4620 Breviarium
1327 4551 1361 4616 in
1372 4551 1433 4616 lec·

227 4783 482 4898 11111ὶί·εοᾱθῖιι
500 4754 569 4837 anno
587 4801 639 4849 quo
657 4791 731 4840 tuam
748 4785 957 4851 Topographiam
976 4784 1102 4849 scripsisti
1121 4788 1149 4835 at
1167 4781 1292 4834 dediotsti
1303 4777 1432 4831 Richards

256 4864 401 4981 1011101
411 4865 502 4968 ffllls
515 4916 585 4979 1181,
598 4917 732 4982 septennio
743 4916 867 4968 nimirum
879 4921 940 4966 ante
952 4913 1121 4980 provulgotos
1133 4913 1189 4976 ejus
1202 4911 1290 4962 libros.
