3772 6008
443 776 485 842 84
561 818 568 832 .
798 791 980 840 aroucam
1003 790 1074 838 rao
1097 789 1286 838 masania.
1360 813 1365 822 -
1470 771 1563 860 [car.
1580 791 1633 836 vu

442 947 546 1035 qualia
564 947 637 1014 volo
662 970 727 1012 non
748 969 884 1035 possum,
907 945 1011 1032 qualia
1055 969 1156 1011 ossum
1178 944 1276 1011 nolo.’'
1329 943 1448 1010 “Mihi
1470 957 1573 1010 autem
1596 971 1633 1012 ea

442 1057 530 1101 mens
545 1048 600 1114 est,
613 1046 645 1100 et
652 1033 687 1098 in
697 1033 778 1100 hanc
790 1045 910 1122 partem
925 1046 988 1098 tam
998 971 1177 1111 vehemens,
1186 1032 1258 1097 chm
1272 1055 1376 1118 neque
1389 1031 1507 1097 chorda
1520 1055 1632 1098 sonum

443 1121 563 1200 reddat,
590 1145 684 1207 quem
698 1120 769 1185 vult
782 1142 892 1185 manus
906 1131 938 1185 et
950 1143 1047 1200 mens,
1073 1143 1132 1184 nec
1146 1141 1272 1207 semper
1281 1118 1381 1198 feriat,
1403 1119 1632 1206 quodcuncque

442 1208 612 1274 minabitur
637 1230 733 1286 meus,
759 1206 784 1272 si
810 1206 915 1293 qualia
933 1207 1006 1274 volo
1030 1229 1094 1272 non
1160 1229 1253 1284 esum,
1278 1206 1382 1291 qualia
1403 1228 1528 1293 possum
1549 1206 1631 1271 volo.

443 1294 711 1382 Praesumptuosus
726 1293 832 1380 itaque
847 1293 941 1371 dicar,
957 1317 997 1358 an
1011 1229 1169 1382 providdh,
1189 1292 1244 1378 qui
1259 1292 1352 1358 tantis
1366 1290 1632 1358 lucubrationibus

443 1381 663 1446 elaborandum
685 1380 765 1445 mihi
789 1403 866 1445 onus
886 1379 945 1445 arri
968 1379 999 1446 io
1021 1393 1058 1444 ut
1077 1377 1230 1444 iuvidiam
1244 1377 1278 1443 in
1291 1378 1368 1457 vita,
1389 1379 1531 1466 gloriam,
1553 1379 1632 1445 sorte

442 1469 599 1556 postlata,
624 1490 842 1555 compararem.
901 1404 993 1532 Talia
1015 1465 1169 1567 siquidem
1189 1464 1269 1530 mihi
1292 1465 1412 1530 dudum
1433 1466 1631 1553 proponenti,

444 1553 562 1640 diuque
585 1555 619 1619 in
634 1555 737 1620 animo
751 1553 845 1619 anxie
860 1553 1010 1631 volventi,
1025 1577 1084 1618 tux
1098 1551 1226 1617 tandem
1241 1553 1373 1640 angulus
1386 1575 1467 1618 unus
1489 1553 1576 1638 quasi
1591 1554 1631 1619 ab

444 1641 512 1706 aliis
527 1641 662 1719 relictus,
688 1653 837 1706 terrarum
861 1639 981 1705 scilicet
993 1639 1075 1718 finis,
1097 1637 1259 1733 Iquious
1272 1637 1356 1705 orbis
1377 1637 1518 1705 occurrit.
1562 1638 1630 1705 Neo

442 1727 498 1792 ille
513 1727 640 1793 omninb
655 1727 799 1807 intactus,
820 1726 937 1792 nullius
952 1739 1057 1792 tamen
1070 1725 1220 1791 hactenus
1241 1725 1323 1813 stylo
1337 1725 1476 1790 absolute
1494 1749 1632 1813 compre·

442 1813 573 1884 hensus:
590 1815 668 1902 (nou
684 1826 858 1892 estverum,
873 1812 1070 1898 oOamberl)
1087 1812 1141 1878 sed
1156 1813 1194 1878 ab
1207 1811 1335 1878 lhernit
1365 1825 1444 1878 otest
1458 1836 1497 1878 ne
1512 1812 1632 1898 aliquid
1690 1811 1693 1820 ’

442 1901 519 1968 boni
542 1900 629 1967 esse?
657 1925 733 1966 num
756 1901 812 1966 uid
832 1899 881 1964 illi
905 1912 1026 1965 montes
1051 1898 1214 1965 stillabunt
1238 1837 1447 1979 dulcedinem,
1477 1911 1510 1964 et
1534 1900 1632 1966 valles

442 1987 544 2052 fluent
557 1989 605 2054 lac
620 2001 653 2053 et
666 1925 756 2053 meli
783 1987 937 2074 Sugamus
959 2009 1033 2074 ergo
1060 1984 1124 2050 mel
1138 1985 1178 2050 dc
1192 1990 1291 2074 petre,
1315 1985 1481 2072 oleumque
1501 1986 1540 2051 de
1554 2009 1632 2052 saxo

444 2073 617 2153 durissimo,
632 2087 664 2140 et
678 2073 826 2139 faciamus
840 2072 924 2159 quod
938 2083 1072 2138 oratores
1085 2071 1184 2137 facere
1199 2072 1308 2151 solent,
1323 2072 1438 2158 quibus
1451 2073 1486 2137 in
1501 2071 1631 2138 admira·

445 2160 503 2226 bili
519 2184 635 2248 genere
649 2183 758 2238 ceusae,
774 2159 913 2226 acuenda
927 2172 1000 2224 sunt
1037 2158 1170 2247 raecipue
1185 2182 1270 2224 arma
1283 2158 1446 2238 facundiae,
1459 2171 1497 2224 ut
1510 2159 1632 2226 exilita-

444 2258 509 2312 tem
523 2245 669 2327 materiae,
684 2246 808 2334 gravior
822 2245 920 2334 stylus
933 2259 999 2312 atto
1024 2257 1066 2324 at,
1081 2258 1113 2311 et
1126 2245 1206 2310 serat
1219 2245 1364 2312 invalida
1378 2247 1474 2312 robur
1487 2245 1633 2313 facundie

444 2355 544 2398 causae
574 2333 648 2398 etc.”

487 2381 662 2506 Hubusque
680 2417 742 2485 hoc
755 2419 826 2485 loco
839 2417 907 2484 haec
921 2417 1044 2504 aliaque
1056 2417 1224 2507 Gyraldus,
1237 2418 1291 2504 qui
1303 2429 1335 2486 et
1367 2417 1446 2484 rima
1456 2419 1629 2506 prefatione

444 2505 493 2570 sui
522 2505 678 2572 Itinerarii
707 2505 747 2572 ad
775 2505 963 2594 archiepisco
987 2529 1040 2570 um
1056 2505 1311 2572 cantuariensem
1342 2443 1547 2593 dtepmnum,
1576 2507 1633 2572 illa

443 2593 540 2658 verba
560 2593 648 2660 dese
663 2592 757 2658 dicitl
783 2601 803 2633 “
814 2592 897 2659 inter
911 2530 1135 2658 tothominum
1148 2592 1275 2678 species,
1298 2591 1446 2679 quoniam
1459 2592 1555 2657 trahit
1576 2616 1633 2658 sua

444 2703 600 2765 quemque
613 2679 767 2768 voluptas,
793 2692 826 2745 et
851 2678 999 2766 quoniam
1023 2677 1117 2744 variis
1139 2691 1295 2744 vexantur
1318 2691 1444 2768 pectora
1468 2677 1632 2758 votis‚1n'e

445 2767 574 2852 quidem
598 2766 753 2833 scribendi
776 2766 914 2832 studium
929 2766 1054 2854 eligere,
1080 2765 1267 2855 posteritatis
1282 2788 1355 2831 cura
1368 2764 1482 2852 coegit,
1504 2778 1536 2830 et
1557 2765 1634 2851 quia

442 2866 660 2920 momentanea
674 2867 706 2920 et
719 2853 808 2920 fluxa
828 2865 875 2920 est
894 2876 1026 2940 praesens
1048 2852 1115 2918 haec
1137 2852 1212 2930 vita,
1229 2853 1322 2938 juvat
1342 2851 1452 2918 saltem
1474 2851 1509 2917 in
1528 2851 1633 2919 suturt

442 2941 593 3006 memoria
607 2941 724 3020 vivere,
747 2953 780 3007 et
800 2940 959 3030 perpetuis
974 2938 1188 3018 fanesinus,
1210 2938 1311 3005 laudis
1333 2939 1450 3005 honore
1471 2939 1630 3006 celebrari.

444 3025 591 3114 Egregiae
606 3051 740 3127 namque
754 3027 867 3127 rnqntis
881 3040 928 3127 est
951 3025 1115 3126 indicium,
1138 3026 1179 3092 ad
1199 3025 1280 3092 illud
1300 3025 1508 3100 emittendum
1529 3027 1631 3127 elabo-

442 3135 520 3262 ra
546 3111 1634 3286 attitulanturretrouefnui

442 3284 527 3350 tione
542 3297 629 3435 ἥξετε
642 3298 822 3366 noscuntur,
838 3286 953 3352 debitis
967 3309 1030 3350 non
1043 3285 1174 3386 indigne
1188 3285 1349 3374 praeconiis
1363 3285 1544 3364 efferuntur,
1560 3299 1632 3366 etc,

375 3401 378 3410 ·
443 3369 536 3436 istam
584 3371 812 3460 escriptionem,
834 3372 895 3438 hoc
916 3396 935 3438 o
957 3372 1066 3439 usculo
1089 3396 1175 3459 quasi
1189 3372 1316 3460 speculo
1330 3372 1466 3470 quodam
1480 3371 1631 3454 dilucido,

442 3481 500 3544 per
511 3471 551 3537 te,
563 3459 613 3523 vir
623 3460 741 3548 inclyte
754 3396 1198 3547 Stephanedantuariensium
1208 3458 1448 3559 archiepiscope,
1547 3459 1631 3526 rituti

464 3545 635 3625 raesentavi,
647 3571 686 3612 ne
697 3547 748 3613 vel
762 3545 901 3613 studium
917 3547 982 3612 otio
996 3546 1152 3635 depereat,
1163 3545 1215 3612 vel
1229 3546 1296 3611 laus
1311 3545 1434 3611 silentio
1466 3545 1630 3612 eliteseat.'’

440 3567 595 3698 istasunt
614 3634 687 3700 satis
707 3658 764 3721 pro
780 3633 950 3722 specimine
964 3633 1111 3699 vanitatis
1125 3631 1270 3721 Gyraldi‚
1293 3655 1387 3734 quem
1408 3655 1472 3696 non
1493 3633 1632 3721 pudebat

439 3719 544 3784 verbis
567 3720 688 3786 disertis
713 3723 854 3808 prodere,
880 3743 912 3787 se
926 3720 1015 3785 nulld
1029 3721 1159 3786 ductum
1173 3741 1379 3808 persuasrone,
1394 3733 1432 3785 ut
1451 3719 1547 3785 alium
1568 3719 1632 3787 suis

440 3804 641 3893 scriptoribus
655 3807 690 3873 in
703 3809 818 3896 vulgus
831 3806 1012 3896 spargendis
1026 3806 1132 3884 finem,
1154 3805 1350 3894 potissimum
1371 3827 1435 3872 non
1456 3805 1632 3895 prefigeret

440 3905 554 3978 praeter
568 3893 688 3959 sumum
702 3895 792 3961 famae
803 3895 925 3974 futurae,
941 3907 974 3961 et
988 3917 1093 3960 auram
1106 3893 1208 3958 inanis
1223 3891 1360 3981 gloriolae
1375 3917 1394 3958 a
1407 3893 1497 3980 cujus
1510 3893 1631 3982 cupidi·

440 3990 504 4043 tate
519 3979 576 4044 etsi
591 4005 707 4068 paucos
721 3982 837 4048 videris
850 3982 1013 4058 immunes,
1040 3979 1190 4068 plurimos
1204 3992 1309 4046 tamen
1322 3979 1440 4060 videas,
1463 4001 1631 4069 omnesque

439 4066 603 4146 modestos,
626 4068 684 4155 qui
697 4070 881 4135 erubescunt
894 4068 998 4134 verbis
1012 4067 1135 4167 apertis,
1154 4091 1187 4132 se
1201 4065 1396 4154 putissimhm
1410 4067 1445 4130 in
1459 4067 1522 4133 suis
1537 4068 1631 4134 actio·

439 4150 532 4218 nibus
545 4153 697 4221 rationem
710 4154 812 4222 inanis
830 4154 936 4244 gloriae
950 4154 1039 4220 fateri
1054 4154 1179 4234 habere,
1200 4166 1254 4220 aut
1274 4151 1403 4218 laudum
1417 4153 1524 4219 titulos
1538 4177 1630 4218 aucu-

438 4237 516 4337 pari,
532 4256 585 4305 aut
600 4240 675 4306 alios
688 4243 792 4309 verbis
806 4266 917 4332 urgere
931 4254 969 4306 ut
982 4241 1120 4329 ipsarum
1135 4239 1243 4306 laudes
1252 4239 1463 4328 depraedicent
1476 4239 1630 4304 etfamam

437 4347 472 4388 in
487 4325 626 4393 futurum
641 4330 821 4396 extendant.
865 4329 968 4410 Quem
983 4329 1057 4392 verb
1072 4327 1174 4416 pudor
1187 4350 1206 4392 a
1218 4326 1352 4415 propriis
1365 4327 1510 4392 laudibus
1525 4324 1629 4390 dicen-

439 4411 488 4478 dis
510 4435 575 4478 non
596 4414 788 4496 absterreret,
819 4415 960 4483 extreme
989 4438 1062 4480 eum
1091 4414 1268 4479 dementem
1297 4437 1363 4480 esse
1413 4411 1572 4478 renuntiat
1595 4411 1628 4478 S.

438 4499 576 4566 Joannes
591 4499 831 4584 Chrisostomus,
854 4500 974 4568 Homil.
992 4501 1021 4579 3,
1037 4500 1077 4566 de
1099 4500 1243 4565 laudibus
1258 4499 1296 4564 B.
1319 4437 1422 4576 Pauli,
1443 4498 1495 4562 his
1514 4498 1628 4577 verbis,

438 4595 457 4624 “
481 4597 624 4654 extrema
653 4589 811 4657 dementia
838 4601 895 4669 est,
935 4587 1023 4652 nullu
1058 4586 1244 4652 imminente
1287 4587 1469 4652 necessitate
1512 4607 1628 4665 rerum,

437 4685 470 4737 ct
511 4675 691 4743 necessitate
725 4678 875 4755 violentia,
911 4673 1046 4774 propriis
1085 4673 1231 4740 laudibus
1259 4674 1341 4739 velle
1378 4670 1526 4746 decerni,
1564 4679 1652 4737 non'

436 4771 492 4838 est,
515 4764 686 4828 secundum
708 4764 815 4832 Deum
834 4763 930 4848 loqui.
982 4758 1145 4826 «Iudicium
1168 4773 1214 4826 est
1234 4762 1337 4848 potihs
1361 4758 1444 4823 istud
1466 4757 1629 4822 infamias*

437 4845 548 4934 Neque
583 4849 720 4917 studium
755 4863 787 4917 et
820 4850 915 4916 verba
952 4845 1148 4914 Oambrensis
1177 4847 1324 4915 videntur
1361 4844 1515 4912 absimilia
1559 4845 1629 4914 aliis
