<?xml version="1.0" encoding="UTF-8"?>
<!DOCTYPE html PUBLIC "-//W3C//DTD XHTML 1.0 Transitional//EN"
    "http://www.w3.org/TR/xhtml1/DTD/xhtml1-transitional.dtd">
<html xmlns="http://www.w3.org/1999/xhtml" xml:lang="en" lang="en">
 <head>
  <title>
</title>
<meta http-equiv="Content-Type" content="text/html;charset=utf-8" />
  <meta name='ocr-system' content='tesseract 3.04.00' />
  <meta name='ocr-capabilities' content='ocr_page ocr_carea ocr_par ocr_line ocrx_word'/>
</head>
<body>
  <div class='ocr_page' id='page_1' title='image "apologiaprohibe00kellgoog_0034.png"; bbox 0 0 3736 6054; ppageno 0'>
   <div class='ocr_carea' id='block_1_1' title="bbox 255 815 1442 906">
    <p class='ocr_par' dir='ltr' id='par_1_1' title="bbox 255 815 1442 906">
     <span class='ocr_line' id='line_1_1' title="bbox 255 815 1442 906; baseline 0.006 -24"><span class='ocrx_word' id='word_1_1' title='bbox 255 833 332 882; x_wconf 78' lang='lat' dir='ltr'>car.</span> <span class='ocrx_word' id='word_1_2' title='bbox 349 819 388 906; x_wconf 89' lang='lat'>1.]</span> <span class='ocrx_word' id='word_1_3' title='bbox 598 838 777 886; x_wconf 74' lang='lat' dir='ltr'>nronocra</span> <span class='ocrx_word' id='word_1_4' title='bbox 793 839 864 887; x_wconf 82' lang='lat' dir='ltr'>vno</span> <span class='ocrx_word' id='word_1_5' title='bbox 880 839 1065 886; x_wconf 79' lang='lat' dir='ltr'>areanum.</span> <span class='ocrx_word' id='word_1_6' title='bbox 1423 815 1442 889; x_wconf 78' lang='lat'>5·</span> 
     </span>
    </p>
   </div>
   <div class='ocr_carea' id='block_1_2' title="bbox 220 991 1451 3781">
    <p class='ocr_par' dir='ltr' id='par_1_2' title="bbox 220 991 1451 3576">
     <span class='ocr_line' id='line_1_2' title="bbox 254 991 1442 1073; baseline 0.005 -19"><span class='ocrx_word' id='word_1_7' title='bbox 254 991 331 1056; x_wconf 93' lang='lat' dir='ltr'>locis</span> <span class='ocrx_word' id='word_1_8' title='bbox 345 991 466 1058; x_wconf 76' lang='lat' dir='ltr'>idoneis</span> <span class='ocrx_word' id='word_1_9' title='bbox 481 992 697 1072; x_wconf 75' lang='lat' dir='ltr'>incastellavit,</span> <span class='ocrx_word' id='word_1_10' title='bbox 712 995 796 1060; x_wconf 88' lang='lat' dir='ltr'>undo</span> <span class='ocrx_word' id='word_1_11' title='bbox 812 1008 844 1061; x_wconf 91' lang='lat' dir='ltr'>et</span> <span class='ocrx_word' id='word_1_12' title='bbox 859 997 967 1061; x_wconf 80' lang='lat' dir='ltr'>fossata</span> <span class='ocrx_word' id='word_1_13' title='bbox 982 995 1104 1060; x_wconf 88' lang='lat' dir='ltr'>infinita</span> <span class='ocrx_word' id='word_1_14' title='bbox 1113 994 1174 1060; x_wconf 90' lang='lat' dir='ltr'>alta</span> <span class='ocrx_word' id='word_1_15' title='bbox 1188 994 1290 1073; x_wconf 89' lang='lat' dir='ltr'>nimis,</span> <span class='ocrx_word' id='word_1_16' title='bbox 1306 995 1442 1060; x_wconf 90' lang='lat' dir='ltr'>rotunda</span> 
     </span>
     <span class='ocr_line' id='line_1_3' title="bbox 255 1079 1444 1169; baseline 0.003 -27"><span class='ocrx_word' id='word_1_17' title='bbox 255 1102 380 1164; x_wconf 86' lang='lat' dir='ltr'>quoque</span> <span class='ocrx_word' id='word_1_18' title='bbox 396 1103 431 1143; x_wconf 88' lang='lat' dir='ltr'>ac</span> <span class='ocrx_word' id='word_1_19' title='bbox 446 1079 755 1169; x_wconf 87' lang='lat' dir='ltr'>pleraque-triplicia,</span> <span class='ocrx_word' id='word_1_20' title='bbox 770 1083 897 1148; x_wconf 87' lang='lat' dir='ltr'>castella</span> <span class='ocrx_word' id='word_1_21' title='bbox 912 1084 1006 1148; x_wconf 90' lang='lat' dir='ltr'>etiarn</span> <span class='ocrx_word' id='word_1_22' title='bbox 1022 1095 1142 1147; x_wconf 90' lang='lat' dir='ltr'>murata</span> <span class='ocrx_word' id='word_1_23' title='bbox 1155 1095 1187 1146; x_wconf 89' lang='lat' dir='ltr'>et</span> <span class='ocrx_word' id='word_1_24' title='bbox 1197 1081 1300 1147; x_wconf 87' lang='lat' dir='ltr'>adhuc</span> <span class='ocrx_word' id='word_1_25' title='bbox 1311 1083 1444 1168; x_wconf 88' lang='lat' dir='ltr'>integra,</span> 
     </span>
     <span class='ocr_line' id='line_1_4' title="bbox 255 1168 1444 1256; baseline 0.004 -28"><span class='ocrx_word' id='word_1_26' title='bbox 255 1189 354 1230; x_wconf 88' lang='lat' dir='ltr'>vacua</span> <span class='ocrx_word' id='word_1_27' title='bbox 368 1180 472 1230; x_wconf 89' lang='lat' dir='ltr'>tamen</span> <span class='ocrx_word' id='word_1_28' title='bbox 487 1180 519 1232; x_wconf 87' lang='lat' dir='ltr'>et</span> <span class='ocrx_word' id='word_1_29' title='bbox 544 1168 663 1233; x_wconf 83' lang='lat' dir='ltr'>deserta</span> <span class='ocrx_word' id='word_1_30' title='bbox 678 1193 720 1233; x_wconf 82' lang='lat' dir='ltr'>ex</span> <span class='ocrx_word' id='word_1_31' title='bbox 735 1169 863 1254; x_wconf 87' lang='lat' dir='ltr'>reliquis</span> <span class='ocrx_word' id='word_1_32' title='bbox 886 1169 947 1234; x_wconf 89' lang='lat' dir='ltr'>illis</span> <span class='ocrx_word' id='word_1_33' title='bbox 963 1185 996 1234; x_wconf 91' lang='lat' dir='ltr'>ct</span> <span class='ocrx_word' id='word_1_34' title='bbox 1017 1168 1210 1255; x_wconf 78' lang='lat' dir='ltr'>antiquitatis</span> <span class='ocrx_word' id='word_1_35' title='bbox 1231 1168 1370 1256; x_wconf 87' lang='lat' dir='ltr'>vestigiis</span> <span class='ocrx_word' id='word_1_36' title='bbox 1392 1168 1444 1233; x_wconf 90' lang='lat' dir='ltr'>hic</span> 
     </span>
     <span class='ocr_line' id='line_1_5' title="bbox 256 1251 1446 1344; baseline 0.003 -29"><span class='ocrx_word' id='word_1_37' title='bbox 256 1251 306 1334; x_wconf 78' lang='lat' dir='ltr'>(in</span> <span class='ocrx_word' id='word_1_38' title='bbox 321 1253 461 1329; x_wconf 72' lang='lat' dir='ltr'>Ibemiatl</span> <span class='ocrx_word' id='word_1_39' title='bbox 479 1277 577 1340; x_wconf 92' lang='lat' dir='ltr'>usque</span> <span class='ocrx_word' id='word_1_40' title='bbox 592 1253 627 1319; x_wconf 91' lang='lat' dir='ltr'>in</span> <span class='ocrx_word' id='word_1_41' title='bbox 641 1255 827 1320; x_wconf 84' lang='lat' dir='ltr'>hodiernum</span> <span class='ocrx_word' id='word_1_42' title='bbox 844 1257 943 1322; x_wconf 89' lang='lat' dir='ltr'>multa</span> <span class='ocrx_word' id='word_1_43' title='bbox 963 1257 1106 1344; x_wconf 83' lang='lat' dir='ltr'>reperies.</span> <span class='ocrx_word' id='word_1_44' title='bbox 1153 1255 1325 1343; x_wconf 87' lang='lat' dir='ltr'>Turgesius</span> <span class='ocrx_word' id='word_1_45' title='bbox 1346 1255 1446 1343; x_wconf 87' lang='lat' dir='ltr'>igitur</span> 
     </span>
     <span class='ocr_line' id='line_1_6' title="bbox 220 1340 1445 1442; baseline 0.004 -41"><span class='ocrx_word' id='word_1_46' title='bbox 220 1377 224 1392; x_wconf 72' lang='lat'>=</span> <span class='ocrx_word' id='word_1_47' title='bbox 255 1362 387 1424; x_wconf 85' lang='lat' dir='ltr'>regnum</span> <span class='ocrx_word' id='word_1_48' title='bbox 404 1340 582 1406; x_wconf 90' lang='lat' dir='ltr'>Ibernicum</span> <span class='ocrx_word' id='word_1_49' title='bbox 599 1341 791 1428; x_wconf 81' lang='lat' dir='ltr'>aliquamdiu</span> <span class='ocrx_word' id='word_1_50' title='bbox 806 1343 935 1425; x_wconf 71' lang='lat' dir='ltr'>pacifice</span> <span class='ocrx_word' id='word_1_51' title='bbox 950 1345 1045 1421; x_wconf 88' lang='lat' dir='ltr'>rexit,</span> <span class='ocrx_word' id='word_1_52' title='bbox 1068 1343 1167 1408; x_wconf 90' lang='lat' dir='ltr'>donec</span> <span class='ocrx_word' id='word_1_53' title='bbox 1181 1341 1356 1442; x_wconf 80' lang='lat' dir='ltr'>puellarum</span> <span class='ocrx_word' id='word_1_54' title='bbox 1372 1342 1445 1406; x_wconf 94' lang='lat' dir='ltr'>dolo</span> 
     </span>
     <span class='ocr_line' id='line_1_7' title="bbox 254 1425 1447 1528; baseline 0.002 -38"><span class='ocrx_word' id='word_1_55' title='bbox 254 1425 379 1491; x_wconf 90' lang='lat' dir='ltr'>delusus</span> <span class='ocrx_word' id='word_1_56' title='bbox 394 1425 522 1505; x_wconf 89' lang='lat' dir='ltr'>interiit,</span> <span class='ocrx_word' id='word_1_57' title='bbox 540 1451 612 1493; x_wconf 90' lang='lat' dir='ltr'>nam</span> <span class='ocrx_word' id='word_1_58' title='bbox 628 1453 704 1528; x_wconf 82' lang='lat' dir='ltr'>gens</span> <span class='ocrx_word' id='word_1_59' title='bbox 718 1428 862 1495; x_wconf 87' lang='lat' dir='ltr'>Ibernica</span> <span class='ocrx_word' id='word_1_60' title='bbox 876 1431 915 1494; x_wconf 91' lang='lat' dir='ltr'>ad</span> <span class='ocrx_word' id='word_1_61' title='bbox 930 1443 1089 1495; x_wconf 88' lang='lat' dir='ltr'>consuetas</span> <span class='ocrx_word' id='word_1_62' title='bbox 1101 1429 1173 1494; x_wconf 88' lang='lat' dir='ltr'>artis</span> <span class='ocrx_word' id='word_1_63' title='bbox 1188 1428 1305 1515; x_wconf 83' lang='lat' dir='ltr'>miquae</span> <span class='ocrx_word' id='word_1_64' title='bbox 1319 1427 1447 1516; x_wconf 89' lang='lat' dir='ltr'>decipu-</span> 
     </span>
     <span class='ocr_line' id='line_1_8' title="bbox 253 1513 1446 1603; baseline 0.003 -27"><span class='ocrx_word' id='word_1_65' title='bbox 253 1513 309 1588; x_wconf 85' lang='lat' dir='ltr'>las,</span> <span class='ocrx_word' id='word_1_66' title='bbox 324 1537 388 1578; x_wconf 93' lang='lat' dir='ltr'>non</span> <span class='ocrx_word' id='word_1_67' title='bbox 403 1513 555 1580; x_wconf 86' lang='lat' dir='ltr'>inefficaci</span> <span class='ocrx_word' id='word_1_68' title='bbox 570 1515 729 1580; x_wconf 83' lang='lat' dir='ltr'>molimine</span> <span class='ocrx_word' id='word_1_69' title='bbox 744 1517 845 1580; x_wconf 88' lang='lat' dir='ltr'>statim</span> <span class='ocrx_word' id='word_1_70' title='bbox 862 1516 1000 1593; x_wconf 84' lang='lat' dir='ltr'>recurrit,</span> <span class='ocrx_word' id='word_1_71' title='bbox 1017 1518 1089 1581; x_wconf 78' lang='lat' dir='ltr'>cum</span> <span class='ocrx_word' id='word_1_72' title='bbox 1104 1516 1188 1581; x_wconf 89' lang='lat' dir='ltr'>enim</span> <span class='ocrx_word' id='word_1_73' title='bbox 1204 1521 1242 1580; x_wconf 74' lang='lat' dir='ltr'>eb</span> <span class='ocrx_word' id='word_1_74' title='bbox 1263 1529 1446 1603; x_wconf 85' lang='lat' dir='ltr'>tempestate</span> 
     </span>
     <span class='ocr_line' id='line_1_9' title="bbox 255 1599 1446 1690; baseline 0.002 -26"><span class='ocrx_word' id='word_1_75' title='bbox 255 1599 352 1664; x_wconf 90' lang='lat' dir='ltr'>filiam</span> <span class='ocrx_word' id='word_1_76' title='bbox 376 1599 458 1687; x_wconf 86' lang='lat' dir='ltr'>regis</span> <span class='ocrx_word' id='word_1_77' title='bbox 482 1599 641 1666; x_wconf 88' lang='lat' dir='ltr'>Medensis</span> <span class='ocrx_word' id='word_1_78' title='bbox 664 1601 783 1668; x_wconf 89' lang='lat' dir='ltr'>scilicet</span> <span class='ocrx_word' id='word_1_79' title='bbox 807 1603 1032 1668; x_wconf 88' lang='lat' dir='ltr'>O&#39;Malachlini</span> <span class='ocrx_word' id='word_1_80' title='bbox 1054 1601 1251 1690; x_wconf 76' lang='lat' dir='ltr'>(Malachiae)</span> <span class='ocrx_word' id='word_1_81' title='bbox 1274 1602 1446 1690; x_wconf 88' lang='lat' dir='ltr'>Turgesius</span> 
     </span>
     <span class='ocr_line' id='line_1_10' title="bbox 255 1686 1446 1776; baseline 0.003 -25"><span class='ocrx_word' id='word_1_82' title='bbox 255 1686 436 1763; x_wconf 71' lang='lat' dir='ltr'>adamasset,</span> <span class='ocrx_word' id='word_1_83' title='bbox 458 1710 516 1752; x_wconf 87' lang='lat' dir='ltr'>rex</span> <span class='ocrx_word' id='word_1_84' title='bbox 538 1687 593 1753; x_wconf 89' lang='lat' dir='ltr'>ille</span> <span class='ocrx_word' id='word_1_85' title='bbox 607 1688 693 1753; x_wconf 88' lang='lat' dir='ltr'>virus</span> <span class='ocrx_word' id='word_1_86' title='bbox 707 1689 766 1754; x_wconf 88' lang='lat' dir='ltr'>sub</span> <span class='ocrx_word' id='word_1_87' title='bbox 810 1704 913 1755; x_wconf 80' lang='lat' dir='ltr'>actore</span> <span class='ocrx_word' id='word_1_88' title='bbox 930 1713 1061 1766; x_wconf 87' lang='lat' dir='ltr'>versans,</span> <span class='ocrx_word' id='word_1_89' title='bbox 1080 1689 1176 1754; x_wconf 86' lang='lat' dir='ltr'>filiam</span> <span class='ocrx_word' id='word_1_90' title='bbox 1191 1711 1278 1754; x_wconf 89' lang='lat' dir='ltr'>suam</span> <span class='ocrx_word' id='word_1_91' title='bbox 1292 1689 1359 1776; x_wconf 93' lang='lat' dir='ltr'>ipso</span> <span class='ocrx_word' id='word_1_92' title='bbox 1374 1712 1446 1754; x_wconf 89' lang='lat' dir='ltr'>con·</span> 
     </span>
     <span class='ocr_line' id='line_1_11' title="bbox 255 1713 1447 1864; baseline 0.003 -27"><span class='ocrx_word' id='word_1_93' title='bbox 255 1773 368 1838; x_wconf 88' lang='lat' dir='ltr'>cedens</span> <span class='ocrx_word' id='word_1_94' title='bbox 389 1773 430 1838; x_wconf 86' lang='lat' dir='ltr'>ad</span> <span class='ocrx_word' id='word_1_95' title='bbox 450 1773 583 1839; x_wconf 88' lang='lat' dir='ltr'>insulam</span> <span class='ocrx_word' id='word_1_96' title='bbox 605 1776 772 1860; x_wconf 89' lang='lat' dir='ltr'>quamdam</span> <span class='ocrx_word' id='word_1_97' title='bbox 787 1713 922 1853; x_wconf 72' lang='lat' dir='ltr'>blediae,</span> <span class='ocrx_word' id='word_1_98' title='bbox 945 1776 979 1841; x_wconf 92' lang='lat' dir='ltr'>in</span> <span class='ocrx_word' id='word_1_99' title='bbox 1000 1791 1110 1864; x_wconf 88' lang='lat' dir='ltr'>stagno</span> <span class='ocrx_word' id='word_1_100' title='bbox 1135 1775 1256 1841; x_wconf 89' lang='lat' dir='ltr'>scilicet</span> <span class='ocrx_word' id='word_1_101' title='bbox 1270 1775 1447 1841; x_wconf 87' lang='lat' dir='ltr'>Locherino</span> 
     </span>
     <span class='ocr_line' id='line_1_12' title="bbox 254 1859 1447 1962; baseline 0.002 -38"><span class='ocrx_word' id='word_1_102' title='bbox 254 1859 340 1925; x_wconf 87' lang='lat' dir='ltr'>illam</span> <span class='ocrx_word' id='word_1_103' title='bbox 352 1884 425 1926; x_wconf 91' lang='lat' dir='ltr'>cum</span> <span class='ocrx_word' id='word_1_104' title='bbox 440 1859 620 1946; x_wconf 88' lang='lat' dir='ltr'>quindecim</span> <span class='ocrx_word' id='word_1_105' title='bbox 635 1862 747 1950; x_wconf 78' lang='lat' dir='ltr'>puellis</span> <span class='ocrx_word' id='word_1_106' title='bbox 762 1877 794 1928; x_wconf 88' lang='lat' dir='ltr'>et</span> <span class='ocrx_word' id='word_1_107' title='bbox 809 1862 942 1962; x_wconf 80' lang='lat' dir='ltr'>egregiis</span> <span class='ocrx_word' id='word_1_108' title='bbox 957 1863 1117 1928; x_wconf 86' lang='lat' dir='ltr'>missuram</span> <span class='ocrx_word' id='word_1_109' title='bbox 1133 1886 1165 1928; x_wconf 89' lang='lat' dir='ltr'>se</span> <span class='ocrx_word' id='word_1_110' title='bbox 1180 1861 1362 1950; x_wconf 86' lang='lat' dir='ltr'>spopondit:</span> <span class='ocrx_word' id='word_1_111' title='bbox 1379 1861 1447 1948; x_wconf 90' lang='lat' dir='ltr'>qui·</span> 
     </span>
     <span class='ocr_line' id='line_1_13' title="bbox 255 1947 1447 2037; baseline 0.001 -25"><span class='ocrx_word' id='word_1_112' title='bbox 255 1947 313 2012; x_wconf 89' lang='lat' dir='ltr'>bus</span> <span class='ocrx_word' id='word_1_113' title='bbox 326 1961 359 2013; x_wconf 89' lang='lat' dir='ltr'>et</span> <span class='ocrx_word' id='word_1_114' title='bbox 374 1947 544 2035; x_wconf 87' lang='lat' dir='ltr'>Turgesius</span> <span class='ocrx_word' id='word_1_115' title='bbox 558 1948 680 2036; x_wconf 85' lang='lat' dir='ltr'>gavisus</span> <span class='ocrx_word' id='word_1_116' title='bbox 694 1974 766 2014; x_wconf 89' lang='lat' dir='ltr'>cum</span> <span class='ocrx_word' id='word_1_117' title='bbox 782 1950 914 2015; x_wconf 83' lang='lat' dir='ltr'>tondem</span> <span class='ocrx_word' id='word_1_118' title='bbox 929 1950 1131 2015; x_wconf 87' lang='lat' dir='ltr'>nobilioribus</span> <span class='ocrx_word' id='word_1_119' title='bbox 1142 1949 1244 2037; x_wconf 88' lang='lat' dir='ltr'>gentis</span> <span class='ocrx_word' id='word_1_120' title='bbox 1258 1973 1320 2014; x_wconf 84' lang='lat' dir='ltr'>suae</span> <span class='ocrx_word' id='word_1_121' title='bbox 1331 1963 1447 2014; x_wconf 91' lang='lat' dir='ltr'>statuto</span> 
     </span>
     <span class='ocr_line' id='line_1_14' title="bbox 255 2031 1447 2124; baseline 0.002 -26"><span class='ocrx_word' id='word_1_122' title='bbox 255 2031 307 2099; x_wconf 86' lang='lat' dir='ltr'>die</span> <span class='ocrx_word' id='word_1_123' title='bbox 322 2046 355 2099; x_wconf 88' lang='lat' dir='ltr'>et</span> <span class='ocrx_word' id='word_1_124' title='bbox 368 2033 437 2099; x_wconf 91' lang='lat' dir='ltr'>loco</span> <span class='ocrx_word' id='word_1_125' title='bbox 452 2034 578 2100; x_wconf 91' lang='lat' dir='ltr'>obviam</span> <span class='ocrx_word' id='word_1_126' title='bbox 587 2035 685 2114; x_wconf 88' lang='lat' dir='ltr'>venit,</span> <span class='ocrx_word' id='word_1_127' title='bbox 701 2050 733 2101; x_wconf 91' lang='lat' dir='ltr'>et</span> <span class='ocrx_word' id='word_1_128' title='bbox 745 2037 869 2102; x_wconf 89' lang='lat' dir='ltr'>invenit</span> <span class='ocrx_word' id='word_1_129' title='bbox 882 2037 916 2101; x_wconf 93' lang='lat' dir='ltr'>in</span> <span class='ocrx_word' id='word_1_130' title='bbox 930 2036 1032 2102; x_wconf 73' lang='lat' dir='ltr'>insula</span> <span class='ocrx_word' id='word_1_131' title='bbox 1043 2037 1223 2124; x_wconf 86' lang='lat' dir='ltr'>quindecim</span> <span class='ocrx_word' id='word_1_132' title='bbox 1237 2036 1447 2102; x_wconf 81' lang='lat' dir='ltr'>adolescentes</span> 
     </span>
     <span class='ocr_line' id='line_1_15' title="bbox 255 2118 1446 2210; baseline 0.002 -26"><span class='ocrx_word' id='word_1_133' title='bbox 255 2118 410 2187; x_wconf 88' lang='lat' dir='ltr'>imberbes</span> <span class='ocrx_word' id='word_1_134' title='bbox 425 2120 577 2187; x_wconf 87' lang='lat' dir='ltr'>animosos</span> <span class='ocrx_word' id='word_1_135' title='bbox 591 2135 624 2188; x_wconf 88' lang='lat' dir='ltr'>et</span> <span class='ocrx_word' id='word_1_136' title='bbox 638 2123 678 2188; x_wconf 86' lang='lat' dir='ltr'>ad</span> <span class='ocrx_word' id='word_1_137' title='bbox 692 2122 752 2188; x_wconf 90' lang='lat' dir='ltr'>hoc</span> <span class='ocrx_word' id='word_1_138' title='bbox 767 2123 892 2202; x_wconf 86' lang='lat' dir='ltr'>electos,</span> <span class='ocrx_word' id='word_1_139' title='bbox 915 2124 973 2189; x_wconf 90' lang='lat' dir='ltr'>sub</span> <span class='ocrx_word' id='word_1_140' title='bbox 988 2123 1098 2189; x_wconf 91' lang='lat' dir='ltr'>babitu</span> <span class='ocrx_word' id='word_1_141' title='bbox 1112 2122 1245 2210; x_wconf 87' lang='lat' dir='ltr'>puellari</span> <span class='ocrx_word' id='word_1_142' title='bbox 1260 2122 1367 2187; x_wconf 91' lang='lat' dir='ltr'>dolum</span> <span class='ocrx_word' id='word_1_143' title='bbox 1382 2122 1446 2210; x_wconf 90' lang='lat' dir='ltr'>pal-</span> 
     </span>
     <span class='ocr_line' id='line_1_16' title="bbox 256 2206 1446 2297; baseline 0.003 -27"><span class='ocrx_word' id='word_1_144' title='bbox 256 2206 377 2285; x_wconf 88' lang='lat' dir='ltr'>liantes,</span> <span class='ocrx_word' id='word_1_145' title='bbox 392 2207 516 2273; x_wconf 88' lang='lat' dir='ltr'>cultelis</span> <span class='ocrx_word' id='word_1_146' title='bbox 531 2232 608 2295; x_wconf 90' lang='lat' dir='ltr'>quos</span> <span class='ocrx_word' id='word_1_147' title='bbox 623 2210 746 2276; x_wconf 69' lang='lat' dir='ltr'>occidte</span> <span class='ocrx_word' id='word_1_148' title='bbox 761 2233 868 2276; x_wconf 89' lang='lat' dir='ltr'>secum</span> <span class='ocrx_word' id='word_1_149' title='bbox 883 2211 1051 2276; x_wconf 89' lang='lat' dir='ltr'>attulerant</span> <span class='ocrx_word' id='word_1_150' title='bbox 1065 2213 1170 2275; x_wconf 88' lang='lat' dir='ltr'>statim</span> <span class='ocrx_word' id='word_1_151' title='bbox 1186 2209 1268 2274; x_wconf 91' lang='lat' dir='ltr'>inter</span> <span class='ocrx_word' id='word_1_152' title='bbox 1282 2210 1446 2297; x_wconf 84' lang='lat' dir='ltr'>amplexus</span> 
     </span>
     <span class='ocr_line' id='line_1_17' title="bbox 256 2292 1447 2385; baseline 0.003 -29"><span class='ocrx_word' id='word_1_153' title='bbox 256 2292 428 2382; x_wconf 84' lang='lat' dir='ltr'>Turgesius</span> <span class='ocrx_word' id='word_1_154' title='bbox 446 2318 519 2360; x_wconf 92' lang='lat' dir='ltr'>cum</span> <span class='ocrx_word' id='word_1_155' title='bbox 542 2296 604 2360; x_wconf 88' lang='lat' dir='ltr'>suis</span> <span class='ocrx_word' id='word_1_156' title='bbox 625 2296 780 2362; x_wconf 89' lang='lat' dir='ltr'>occubuit.</span> <span class='ocrx_word' id='word_1_157' title='bbox 825 2297 923 2362; x_wconf 70' lang='lat' dir='ltr'>Fama</span> <span class='ocrx_word' id='word_1_158' title='bbox 944 2297 1042 2385; x_wconf 90' lang='lat' dir='ltr'>igitur</span> <span class='ocrx_word' id='word_1_159' title='bbox 1064 2295 1243 2385; x_wconf 84' lang='lat' dir='ltr'>pernicibus</span> <span class='ocrx_word' id='word_1_160' title='bbox 1265 2296 1327 2361; x_wconf 88' lang='lat' dir='ltr'>alas</span> <span class='ocrx_word' id='word_1_161' title='bbox 1349 2309 1447 2360; x_wconf 88' lang='lat' dir='ltr'>totam</span> 
     </span>
     <span class='ocr_line' id='line_1_18' title="bbox 255 2380 1445 2470; baseline 0.003 -25"><span class='ocrx_word' id='word_1_162' title='bbox 255 2381 359 2446; x_wconf 88' lang='lat' dir='ltr'>statim</span> <span class='ocrx_word' id='word_1_163' title='bbox 381 2380 515 2446; x_wconf 88' lang='lat' dir='ltr'>insulam</span> <span class='ocrx_word' id='word_1_164' title='bbox 538 2383 720 2470; x_wconf 85' lang='lat' dir='ltr'>pervolante</span> <span class='ocrx_word' id='word_1_165' title='bbox 746 2397 779 2449; x_wconf 87' lang='lat' dir='ltr'>et</span> <span class='ocrx_word' id='word_1_166' title='bbox 804 2383 848 2449; x_wconf 91' lang='lat' dir='ltr'>rei</span> <span class='ocrx_word' id='word_1_167' title='bbox 875 2397 1023 2449; x_wconf 84' lang='lat' dir='ltr'>eventurn</span> <span class='ocrx_word' id='word_1_168' title='bbox 1054 2397 1090 2448; x_wconf 91' lang='lat' dir='ltr'>ut</span> <span class='ocrx_word' id='word_1_169' title='bbox 1120 2383 1230 2448; x_wconf 83' lang='lat' dir='ltr'>assolet</span> <span class='ocrx_word' id='word_1_170' title='bbox 1252 2381 1445 2470; x_wconf 83' lang='lat' dir='ltr'>divulgante,</span> 
     </span>
     <span class='ocr_line' id='line_1_19' title="bbox 255 2467 1447 2556; baseline 0.002 -24"><span class='ocrx_word' id='word_1_171' title='bbox 255 2467 495 2556; x_wconf 84' lang='lat' dir='ltr'>Norvvegienses</span> <span class='ocrx_word' id='word_1_172' title='bbox 509 2468 627 2554; x_wconf 89' lang='lat' dir='ltr'>ubique</span> <span class='ocrx_word' id='word_1_173' title='bbox 642 2485 834 2548; x_wconf 86' lang='lat' dir='ltr'>truncantur,</span> <span class='ocrx_word' id='word_1_174' title='bbox 858 2485 890 2536; x_wconf 90' lang='lat' dir='ltr'>et</span> <span class='ocrx_word' id='word_1_175' title='bbox 904 2471 938 2535; x_wconf 93' lang='lat' dir='ltr'>in</span> <span class='ocrx_word' id='word_1_176' title='bbox 953 2470 1042 2536; x_wconf 86' lang='lat' dir='ltr'>brevi</span> <span class='ocrx_word' id='word_1_177' title='bbox 1058 2493 1165 2536; x_wconf 87' lang='lat' dir='ltr'>omnes</span> <span class='ocrx_word' id='word_1_178' title='bbox 1180 2493 1236 2534; x_wconf 89' lang='lat' dir='ltr'>seu</span> <span class='ocrx_word' id='word_1_179' title='bbox 1250 2471 1282 2534; x_wconf 93' lang='lat' dir='ltr'>vi</span> <span class='ocrx_word' id='word_1_180' title='bbox 1297 2493 1351 2534; x_wconf 89' lang='lat' dir='ltr'>seu</span> <span class='ocrx_word' id='word_1_181' title='bbox 1374 2469 1447 2534; x_wconf 94' lang='lat' dir='ltr'>dolo</span> 
     </span>
     <span class='ocr_line' id='line_1_20' title="bbox 255 2553 1448 2645; baseline 0.002 -27"><span class='ocrx_word' id='word_1_182' title='bbox 255 2553 307 2620; x_wconf 89' lang='lat' dir='ltr'>vel</span> <span class='ocrx_word' id='word_1_183' title='bbox 322 2555 415 2620; x_wconf 91' lang='lat' dir='ltr'>morti</span> <span class='ocrx_word' id='word_1_184' title='bbox 431 2555 596 2620; x_wconf 87' lang='lat' dir='ltr'>traduntur</span> <span class='ocrx_word' id='word_1_185' title='bbox 609 2556 662 2621; x_wconf 90' lang='lat' dir='ltr'>vel</span> <span class='ocrx_word' id='word_1_186' title='bbox 677 2557 791 2622; x_wconf 88' lang='lat' dir='ltr'>iterum</span> <span class='ocrx_word' id='word_1_187' title='bbox 806 2557 1006 2645; x_wconf 88' lang='lat' dir='ltr'>Norwegiam</span> <span class='ocrx_word' id='word_1_188' title='bbox 1021 2573 1053 2623; x_wconf 91' lang='lat' dir='ltr'>et</span> <span class='ocrx_word' id='word_1_189' title='bbox 1067 2557 1183 2623; x_wconf 87' lang='lat' dir='ltr'>insulas</span> <span class='ocrx_word' id='word_1_190' title='bbox 1198 2557 1282 2622; x_wconf 90' lang='lat' dir='ltr'>unde</span> <span class='ocrx_word' id='word_1_191' title='bbox 1298 2574 1448 2621; x_wconf 89' lang='lat' dir='ltr'>venerant</span> 
     </span>
     <span class='ocr_line' id='line_1_21' title="bbox 255 2641 1451 2731; baseline 0.001 -25"><span class='ocrx_word' id='word_1_192' title='bbox 255 2641 383 2728; x_wconf 90' lang='lat' dir='ltr'>navigio</span> <span class='ocrx_word' id='word_1_193' title='bbox 401 2641 488 2707; x_wconf 86' lang='lat' dir='ltr'>adire</span> <span class='ocrx_word' id='word_1_194' title='bbox 506 2642 752 2731; x_wconf 89' lang='lat' dir='ltr'>compelluntur;</span> <span class='ocrx_word' id='word_1_195' title='bbox 767 2644 954 2730; x_wconf 82' lang='lat' dir='ltr'>quaesiverat</span> <span class='ocrx_word' id='word_1_196' title='bbox 967 2657 1071 2710; x_wconf 89' lang='lat' dir='ltr'>autem</span> <span class='ocrx_word' id='word_1_197' title='bbox 1086 2643 1270 2731; x_wconf 89' lang='lat' dir='ltr'>aTurgesio</span> <span class='ocrx_word' id='word_1_198' title='bbox 1284 2643 1451 2731; x_wconf 74' lang='lat' dir='ltr'>praedictus</span> 
     </span>
     <span class='ocr_line' id='line_1_22' title="bbox 256 2727 1446 2817; baseline 0.001 -25"><span class='ocrx_word' id='word_1_199' title='bbox 256 2727 454 2794; x_wconf 89' lang='lat' dir='ltr'>Medensium</span> <span class='ocrx_word' id='word_1_200' title='bbox 468 2753 527 2794; x_wconf 89' lang='lat' dir='ltr'>rex</span> <span class='ocrx_word' id='word_1_201' title='bbox 541 2742 574 2795; x_wconf 89' lang='lat' dir='ltr'>et</span> <span class='ocrx_word' id='word_1_202' title='bbox 587 2730 621 2794; x_wconf 90' lang='lat' dir='ltr'>in</span> <span class='ocrx_word' id='word_1_203' title='bbox 636 2730 709 2796; x_wconf 93' lang='lat' dir='ltr'>dolo</span> <span class='ocrx_word' id='word_1_204' title='bbox 726 2731 882 2817; x_wconf 69' lang='lat' dir='ltr'>(nequitia</span> <span class='ocrx_word' id='word_1_205' title='bbox 899 2732 967 2817; x_wconf 89' lang='lat' dir='ltr'>jam</span> <span class='ocrx_word' id='word_1_206' title='bbox 991 2731 1095 2797; x_wconf 84' lang='lat' dir='ltr'>animo</span> <span class='ocrx_word' id='word_1_207' title='bbox 1109 2733 1286 2817; x_wconf 74' lang='lat' dir='ltr'>concepta),</span> <span class='ocrx_word' id='word_1_208' title='bbox 1311 2753 1446 2814; x_wconf 91' lang='lat' dir='ltr'>quonam</span> 
     </span>
     <span class='ocr_line' id='line_1_23' title="bbox 255 2815 1446 2905; baseline -0.001 -25"><span class='ocrx_word' id='word_1_209' title='bbox 255 2829 362 2881; x_wconf 87' lang='lat' dir='ltr'>tenore</span> <span class='ocrx_word' id='word_1_210' title='bbox 387 2815 529 2881; x_wconf 88' lang='lat' dir='ltr'>volantes</span> <span class='ocrx_word' id='word_1_211' title='bbox 554 2841 626 2882; x_wconf 88' lang='lat' dir='ltr'>aves</span> <span class='ocrx_word' id='word_1_212' title='bbox 653 2818 796 2904; x_wconf 84' lang='lat' dir='ltr'>quaedam</span> <span class='ocrx_word' id='word_1_213' title='bbox 811 2817 846 2882; x_wconf 91' lang='lat' dir='ltr'>in</span> <span class='ocrx_word' id='word_1_214' title='bbox 860 2841 992 2905; x_wconf 88' lang='lat' dir='ltr'>regnum</span> <span class='ocrx_word' id='word_1_215' title='bbox 1008 2842 1101 2905; x_wconf 88' lang='lat' dir='ltr'>super</span> <span class='ocrx_word' id='word_1_216' title='bbox 1115 2816 1253 2882; x_wconf 82' lang='lat' dir='ltr'>advectae</span> <span class='ocrx_word' id='word_1_217' title='bbox 1267 2831 1355 2881; x_wconf 85' lang='lat' dir='ltr'>terrae</span> <span class='ocrx_word' id='word_1_218' title='bbox 1376 2816 1446 2892; x_wconf 90' lang='lat' dir='ltr'>toti,</span> 
     </span>
     <span class='ocr_line' id='line_1_24' title="bbox 255 2901 1445 2992; baseline -0.001 -26"><span class='ocrx_word' id='word_1_219' title='bbox 255 2901 424 2989; x_wconf 73' lang='lat' dir='ltr'>patrieque</span> <span class='ocrx_word' id='word_1_220' title='bbox 447 2904 600 2990; x_wconf 86' lang='lat' dir='ltr'>pestiferae</span> <span class='ocrx_word' id='word_1_221' title='bbox 626 2903 744 2970; x_wconf 89' lang='lat' dir='ltr'>destrui</span> <span class='ocrx_word' id='word_1_222' title='bbox 768 2917 894 2992; x_wconf 87' lang='lat' dir='ltr'>possent</span> <span class='ocrx_word' id='word_1_223' title='bbox 914 2917 947 2969; x_wconf 89' lang='lat' dir='ltr'>et</span> <span class='ocrx_word' id='word_1_224' title='bbox 968 2904 1082 2982; x_wconf 88' lang='lat' dir='ltr'>deleri;</span> <span class='ocrx_word' id='word_1_225' title='bbox 1109 2927 1243 2989; x_wconf 90' lang='lat' dir='ltr'>cumque</span> <span class='ocrx_word' id='word_1_226' title='bbox 1262 2925 1445 2989; x_wconf 87' lang='lat' dir='ltr'>responsum</span> 
     </span>
     <span class='ocr_line' id='line_1_25' title="bbox 255 2987 1447 3077; baseline -0.001 -24"><span class='ocrx_word' id='word_1_227' title='bbox 255 2991 424 3077; x_wconf 87' lang='lat' dir='ltr'>accepisset</span> <span class='ocrx_word' id='word_1_228' title='bbox 437 2988 528 3054; x_wconf 90' lang='lat' dir='ltr'>nidos</span> <span class='ocrx_word' id='word_1_229' title='bbox 541 3013 649 3055; x_wconf 89' lang='lat' dir='ltr'>eorum</span> <span class='ocrx_word' id='word_1_230' title='bbox 671 2990 789 3077; x_wconf 89' lang='lat' dir='ltr'>ubique</span> <span class='ocrx_word' id='word_1_231' title='bbox 805 2990 1015 3068; x_wconf 88' lang='lat' dir='ltr'>destruendos,</span> <span class='ocrx_word' id='word_1_232' title='bbox 1037 2991 1062 3056; x_wconf 89' lang='lat' dir='ltr'>si</span> <span class='ocrx_word' id='word_1_233' title='bbox 1074 2991 1141 3076; x_wconf 87' lang='lat' dir='ltr'>jam</span> <span class='ocrx_word' id='word_1_234' title='bbox 1157 2990 1235 3054; x_wconf 85' lang='lat' dir='ltr'>forte</span> <span class='ocrx_word' id='word_1_235' title='bbox 1250 2987 1447 3065; x_wconf 86' lang='lat' dir='ltr'>nidioassent,</span> 
     </span>
     <span class='ocr_line' id='line_1_26' title="bbox 256 3075 1449 3165; baseline -0.001 -26"><span class='ocrx_word' id='word_1_236' title='bbox 256 3075 296 3140; x_wconf 91' lang='lat' dir='ltr'>de</span> <span class='ocrx_word' id='word_1_237' title='bbox 311 3075 445 3142; x_wconf 86' lang='lat' dir='ltr'>castellis</span> <span class='ocrx_word' id='word_1_238' title='bbox 467 3075 725 3164; x_wconf 88' lang='lat' dir='ltr'>Norvvegensium</span> <span class='ocrx_word' id='word_1_239' title='bbox 748 3077 808 3143; x_wconf 94' lang='lat' dir='ltr'>hoc</span> <span class='ocrx_word' id='word_1_240' title='bbox 829 3077 1069 3165; x_wconf 86' lang='lat' dir='ltr'>interpretantes</span> <span class='ocrx_word' id='word_1_241' title='bbox 1090 3090 1213 3141; x_wconf 90' lang='lat' dir='ltr'>mortuo</span> <span class='ocrx_word' id='word_1_242' title='bbox 1235 3075 1389 3164; x_wconf 87' lang='lat' dir='ltr'>Turgesio</span> <span class='ocrx_word' id='word_1_243' title='bbox 1416 3075 1449 3138; x_wconf 88' lang='lat' dir='ltr'>in</span> 
     </span>
     <span class='ocr_line' id='line_1_27' title="bbox 255 3161 1447 3253; baseline -0.002 -27"><span class='ocrx_word' id='word_1_244' title='bbox 255 3185 363 3228; x_wconf 87' lang='lat' dir='ltr'>eorum</span> <span class='ocrx_word' id='word_1_245' title='bbox 388 3162 629 3229; x_wconf 88' lang='lat' dir='ltr'>destructionem</span> <span class='ocrx_word' id='word_1_246' title='bbox 644 3164 826 3230; x_wconf 84' lang='lat' dir='ltr'>lbernenses</span> <span class='ocrx_word' id='word_1_247' title='bbox 850 3189 907 3253; x_wconf 87' lang='lat' dir='ltr'>per</span> <span class='ocrx_word' id='word_1_248' title='bbox 927 3177 1023 3229; x_wconf 88' lang='lat' dir='ltr'>totam</span> <span class='ocrx_word' id='word_1_249' title='bbox 1044 3163 1176 3228; x_wconf 89' lang='lat' dir='ltr'>insulam</span> <span class='ocrx_word' id='word_1_250' title='bbox 1198 3161 1387 3227; x_wconf 84' lang='lat' dir='ltr'>unanimiter</span> <span class='ocrx_word' id='word_1_251' title='bbox 1401 3161 1447 3225; x_wconf 92' lang='lat' dir='ltr'>in-</span> 
     </span>
     <span class='ocr_line' id='line_1_28' title="bbox 253 3249 1448 3338; baseline -0.001 -25"><span class='ocrx_word' id='word_1_252' title='bbox 253 3263 461 3316; x_wconf 81' lang='lat' dir='ltr'>surrexerunt.</span> <span class='ocrx_word' id='word_1_253' title='bbox 485 3250 617 3316; x_wconf 88' lang='lat' dir='ltr'>Annosi</span> <span class='ocrx_word' id='word_1_254' title='bbox 642 3250 837 3316; x_wconf 83' lang='lat' dir='ltr'>&#39;turcirciter</span> <span class='ocrx_word' id='word_1_255' title='bbox 847 3250 976 3338; x_wconf 87' lang='lat' dir='ltr'>triginta</span> <span class='ocrx_word' id='word_1_256' title='bbox 986 3249 1255 3338; x_wconf 87' lang='lat' dir='ltr'>Norwegiensium</span> <span class='ocrx_word' id='word_1_257' title='bbox 1266 3273 1400 3337; x_wconf 79' lang='lat' dir='ltr'>pompa,</span> <span class='ocrx_word' id='word_1_258' title='bbox 1412 3261 1448 3312; x_wconf 92' lang='lat' dir='ltr'>ut</span> 
     </span>
     <span class='ocr_line' id='line_1_29' title="bbox 255 3275 1448 3426; baseline -0.001 -27"><span class='ocrx_word' id='word_1_259' title='bbox 255 3335 400 3424; x_wconf 86' lang='lat' dir='ltr'>Turgesii</span> <span class='ocrx_word' id='word_1_260' title='bbox 415 3340 556 3424; x_wconf 81' lang='lat' dir='ltr'>tyrannis</span> <span class='ocrx_word' id='word_1_261' title='bbox 569 3337 603 3401; x_wconf 90' lang='lat' dir='ltr'>in</span> <span class='ocrx_word' id='word_1_262' title='bbox 618 3275 652 3402; x_wconf 71' lang='lat' dir='ltr'>gt</span> <span class='ocrx_word' id='word_1_263' title='bbox 676 3337 744 3402; x_wconf 80' lang='lat' dir='ltr'>mia</span> <span class='ocrx_word' id='word_1_264' title='bbox 758 3337 949 3426; x_wconf 86' lang='lat' dir='ltr'>perduravit,</span> <span class='ocrx_word' id='word_1_265' title='bbox 971 3337 1092 3403; x_wconf 82' lang='lat' dir='ltr'>atinde</span> <span class='ocrx_word' id='word_1_266' title='bbox 1113 3361 1191 3426; x_wconf 86' lang='lat' dir='ltr'>gens</span> <span class='ocrx_word' id='word_1_267' title='bbox 1204 3335 1338 3402; x_wconf 76' lang='lat' dir='ltr'>Iberniaa</span> <span class='ocrx_word' id='word_1_268' title='bbox 1354 3335 1448 3400; x_wconf 89' lang='lat' dir='ltr'>servi-</span> 
     </span>
     <span class='ocr_line' id='line_1_30' title="bbox 253 3422 1449 3513; baseline -0.001 -26"><span class='ocrx_word' id='word_1_269' title='bbox 253 3436 320 3488; x_wconf 85' lang='lat' dir='ltr'>tute</span> <span class='ocrx_word' id='word_1_270' title='bbox 335 3422 475 3512; x_wconf 70' lang='lat' dir='ltr'>depulsa,</span> <span class='ocrx_word' id='word_1_271' title='bbox 491 3437 524 3489; x_wconf 89' lang='lat' dir='ltr'>et</span> <span class='ocrx_word' id='word_1_272' title='bbox 537 3423 700 3512; x_wconf 90' lang='lat' dir='ltr'>pristinam</span> <span class='ocrx_word' id='word_1_273' title='bbox 714 3424 891 3491; x_wconf 87' lang='lat' dir='ltr'>libertatem</span> <span class='ocrx_word' id='word_1_274' title='bbox 905 3423 1112 3513; x_wconf 88' lang='lat' dir='ltr'>recuperavit,</span> <span class='ocrx_word' id='word_1_275' title='bbox 1128 3437 1161 3490; x_wconf 89' lang='lat' dir='ltr'>et</span> <span class='ocrx_word' id='word_1_276' title='bbox 1176 3423 1217 3489; x_wconf 91' lang='lat' dir='ltr'>ad</span> <span class='ocrx_word' id='word_1_277' title='bbox 1231 3422 1320 3511; x_wconf 89' lang='lat' dir='ltr'>regni</span> <span class='ocrx_word' id='word_1_278' title='bbox 1336 3423 1449 3510; x_wconf 89' lang='lat' dir='ltr'>guber-</span> 
     </span>
     <span class='ocr_line' id='line_1_31' title="bbox 252 3509 668 3576; baseline 0.002 -2"><span class='ocrx_word' id='word_1_279' title='bbox 252 3509 365 3575; x_wconf 90' lang='lat' dir='ltr'>nacula</span> <span class='ocrx_word' id='word_1_280' title='bbox 379 3511 482 3576; x_wconf 89' lang='lat' dir='ltr'>denuo</span> <span class='ocrx_word' id='word_1_281' title='bbox 497 3509 668 3576; x_wconf 78' lang='lat' dir='ltr'>accessit.&#39;&#39;*</span> 
     </span>
    </p>

    <p class='ocr_par' dir='ltr' id='par_1_3' title="bbox 252 3595 1449 3781">
     <span class='ocr_line' id='line_1_32' title="bbox 296 3595 1449 3686; baseline -0.003 -24"><span class='ocrx_word' id='word_1_282' title='bbox 296 3597 470 3663; x_wconf 85' lang='lat' dir='ltr'>Richardus</span> <span class='ocrx_word' id='word_1_283' title='bbox 487 3596 709 3674; x_wconf 83' lang='lat' dir='ltr'>Stanihurstus,</span> <span class='ocrx_word' id='word_1_284' title='bbox 736 3612 772 3663; x_wconf 90' lang='lat' dir='ltr'>ut</span> <span class='ocrx_word' id='word_1_285' title='bbox 795 3598 897 3664; x_wconf 87' lang='lat' dir='ltr'>dicere</span> <span class='ocrx_word' id='word_1_286' title='bbox 912 3622 1078 3686; x_wconf 87' lang='lat' dir='ltr'>coeperam,</span> <span class='ocrx_word' id='word_1_287' title='bbox 1101 3620 1190 3662; x_wconf 90' lang='lat' dir='ltr'>suum</span> <span class='ocrx_word' id='word_1_288' title='bbox 1205 3595 1281 3661; x_wconf 91' lang='lat' dir='ltr'>olim</span> <span class='ocrx_word' id='word_1_289' title='bbox 1304 3605 1324 3634; x_wconf 76' lang='lat'>‘⁶</span> <span class='ocrx_word' id='word_1_290' title='bbox 1337 3595 1449 3660; x_wconf 89' lang='lat' dir='ltr'>doctis·</span> 
     </span>
     <span class='ocr_line' id='line_1_33' title="bbox 252 3682 1448 3781; baseline -0.003 -31"><span class='ocrx_word' id='word_1_291' title='bbox 252 3684 393 3764; x_wconf 87' lang='lat' dir='ltr'>simum,”</span> <span class='ocrx_word' id='word_1_292' title='bbox 419 3693 439 3723; x_wconf 86' lang='lat'><strong>“</strong></span> <span class='ocrx_word' id='word_1_293' title='bbox 451 3683 695 3772; x_wconf 87' lang='lat' dir='ltr'>gravissimum,”</span> <span class='ocrx_word' id='word_1_294' title='bbox 721 3695 739 3724; x_wconf 82' lang='lat'>‘¹</span> <span class='ocrx_word' id='word_1_295' title='bbox 754 3685 995 3772; x_wconf 81' lang='lat' dir='ltr'>pereruditum,”</span> <span class='ocrx_word' id='word_1_296' title='bbox 1021 3698 1053 3750; x_wconf 92' lang='lat' dir='ltr'>et</span> <span class='ocrx_word' id='word_1_297' title='bbox 1079 3694 1242 3749; x_wconf 84' lang='lat' dir='ltr'>“aureum</span> <span class='ocrx_word' id='word_1_298' title='bbox 1271 3682 1448 3781; x_wconf 83' lang='lat' dir='ltr'>Gyraldurn</span> 
     </span>
    </p>
   </div>
   <div class='ocr_carea' id='block_1_3' title="bbox 253 3768 1552 3860">
    <p class='ocr_par' dir='ltr' id='par_1_4' title="bbox 253 3768 1552 3860">
     <span class='ocr_line' id='line_1_34' title="bbox 253 3768 1552 3860; baseline -0.005 -23"><span class='ocrx_word' id='word_1_299' title='bbox 253 3771 502 3849; x_wconf 79' lang='lat' dir='ltr'>cambrensem,”</span> <span class='ocrx_word' id='word_1_300' title='bbox 515 3795 579 3836; x_wconf 92' lang='lat' dir='ltr'>non</span> <span class='ocrx_word' id='word_1_301' title='bbox 593 3770 727 3860; x_wconf 89' lang='lat' dir='ltr'>amplius</span> <span class='ocrx_word' id='word_1_302' title='bbox 743 3772 930 3837; x_wconf 86' lang='lat' dir='ltr'>maledicum</span> <span class='ocrx_word' id='word_1_303' title='bbox 946 3771 1100 3838; x_wconf 89' lang='lat' dir='ltr'>sustinens</span> <span class='ocrx_word' id='word_1_304' title='bbox 1114 3770 1159 3835; x_wconf 91' lang='lat' dir='ltr'>ita</span> <span class='ocrx_word' id='word_1_305' title='bbox 1173 3768 1304 3856; x_wconf 86' lang='lat' dir='ltr'>excipit,</span> <span class='ocrx_word' id='word_1_306' title='bbox 1324 3779 1343 3807; x_wconf 77' lang='lat'>‘⁶</span> <span class='ocrx_word' id='word_1_307' title='bbox 1356 3792 1449 3832; x_wconf 84' lang='lat' dir='ltr'>numa</span> <span class='ocrx_word' id='word_1_308' title='bbox 1547 3849 1552 3854; x_wconf 10' lang='lat' dir='ltr'>g</span> 
     </span>
    </p>
   </div>
   <div class='ocr_carea' id='block_1_4' title="bbox 249 3854 1450 4814">
    <p class='ocr_par' dir='ltr' id='par_1_5' title="bbox 249 3854 1450 4814">
     <span class='ocr_line' id='line_1_35' title="bbox 252 3854 1448 3946; baseline -0.002 -24"><span class='ocrx_word' id='word_1_309' title='bbox 252 3857 347 3923; x_wconf 86' lang='lat' dir='ltr'>estin</span> <span class='ocrx_word' id='word_1_310' title='bbox 362 3857 525 3923; x_wconf 90' lang='lat' dir='ltr'>scribendo</span> <span class='ocrx_word' id='word_1_311' title='bbox 548 3858 681 3923; x_wconf 85' lang='lat' dir='ltr'>mordax</span> <span class='ocrx_word' id='word_1_312' title='bbox 696 3858 865 3946; x_wconf 87' lang='lat' dir='ltr'>Gyraldus,</span> <span class='ocrx_word' id='word_1_313' title='bbox 892 3860 964 3924; x_wconf 79' lang='lat' dir='ltr'>clun</span> <span class='ocrx_word' id='word_1_314' title='bbox 990 3857 1109 3923; x_wconf 84' lang='lat' dir='ltr'>l&#39;acinus</span> <span class='ocrx_word' id='word_1_315' title='bbox 1134 3856 1278 3940; x_wconf 88' lang='lat' dir='ltr'>omnibus</span> <span class='ocrx_word' id='word_1_316' title='bbox 1302 3854 1448 3920; x_wconf 89' lang='lat' dir='ltr'>laudibus</span> 
     </span>
     <span class='ocr_line' id='line_1_36' title="bbox 252 3941 1448 4033; baseline -0.004 -23"><span class='ocrx_word' id='word_1_317' title='bbox 252 3945 471 4012; x_wconf 89' lang='lat' dir='ltr'>celebrandum</span> <span class='ocrx_word' id='word_1_318' title='bbox 486 3945 597 4032; x_wconf 78' lang='lat' dir='ltr'>partlm</span> <span class='ocrx_word' id='word_1_319' title='bbox 612 3944 803 4010; x_wconf 73' lang='lat' dir='ltr'>considerate</span> <span class='ocrx_word' id='word_1_320' title='bbox 817 3945 1121 4033; x_wconf 80' lang='lat' dir='ltr'>reprehendit3num</span> <span class='ocrx_word' id='word_1_321' title='bbox 1132 3943 1177 4008; x_wconf 91' lang='lat' dir='ltr'>ini</span> <span class='ocrx_word' id='word_1_322' title='bbox 1201 3966 1277 4008; x_wconf 92' lang='lat' dir='ltr'>uum</span> <span class='ocrx_word' id='word_1_323' title='bbox 1289 3965 1354 4007; x_wconf 90' lang='lat' dir='ltr'>esse</span> <span class='ocrx_word' id='word_1_324' title='bbox 1366 3941 1448 4006; x_wconf 87' lang='lat' dir='ltr'>exis·</span> 
     </span>
     <span class='ocr_line' id='line_1_37' title="bbox 252 3969 1447 4130; baseline -0.003 -34"><span class='ocrx_word' id='word_1_325' title='bbox 252 4031 432 4096; x_wconf 81' lang='lat' dir='ltr'>timebimus</span> <span class='ocrx_word' id='word_1_326' title='bbox 447 4031 612 4098; x_wconf 85' lang='lat' dir='ltr'>barbarum</span> <span class='ocrx_word' id='word_1_327' title='bbox 628 4031 773 4097; x_wconf 87' lang='lat' dir='ltr'>sicarium</span> <span class='ocrx_word' id='word_1_328' title='bbox 788 4056 829 4098; x_wconf 84' lang='lat' dir='ltr'>ex</span> <span class='ocrx_word' id='word_1_329' title='bbox 845 4031 989 4098; x_wconf 89' lang='lat' dir='ltr'>omnibus</span> <span class='ocrx_word' id='word_1_330' title='bbox 1003 4030 1089 4096; x_wconf 92' lang='lat' dir='ltr'>vitiis</span> <span class='ocrx_word' id='word_1_331' title='bbox 1109 3969 1369 4130; x_wconf 69' lang='lat' dir='ltr'>conglutinatum,</span> <span class='ocrx_word' id='word_1_332' title='bbox 1392 4029 1447 4114; x_wconf 91' lang='lat' dir='ltr'>qui</span> 
     </span>
     <span class='ocr_line' id='line_1_38' title="bbox 251 4115 1450 4215; baseline -0.004 -31"><span class='ocrx_word' id='word_1_333' title='bbox 251 4118 372 4184; x_wconf 91' lang='lat' dir='ltr'>bellum</span> <span class='ocrx_word' id='word_1_334' title='bbox 387 4141 450 4183; x_wconf 91' lang='lat' dir='ltr'>non</span> <span class='ocrx_word' id='word_1_335' title='bbox 476 4131 540 4184; x_wconf 90' lang='lat' dir='ltr'>tam</span> <span class='ocrx_word' id='word_1_336' title='bbox 555 4117 687 4206; x_wconf 31' lang='lat' dir='ltr'>‘Ibernis</span> <span class='ocrx_word' id='word_1_337' title='bbox 710 4119 839 4208; x_wconf 92' lang='lat' dir='ltr'>(quibus</span> <span class='ocrx_word' id='word_1_338' title='bbox 860 4142 923 4183; x_wconf 88' lang='lat' dir='ltr'>non</span> <span class='ocrx_word' id='word_1_339' title='bbox 946 4118 1116 4183; x_wconf 85' lang='lat' dir='ltr'>admodum</span> <span class='ocrx_word' id='word_1_340' title='bbox 1138 4142 1201 4182; x_wconf 82' lang='lat' dir='ltr'>aurs</span> <span class='ocrx_word' id='word_1_341' title='bbox 1222 4115 1344 4215; x_wconf 89' lang='lat' dir='ltr'>scriptis</span> <span class='ocrx_word' id='word_1_342' title='bbox 1364 4115 1450 4180; x_wconf 81' lang='lat' dir='ltr'>favet</span> 
     </span>
     <span class='ocr_line' id='line_1_39' title="bbox 255 4203 1449 4294; baseline -0.004 -23"><span class='ocrx_word' id='word_1_343' title='bbox 255 4204 489 4290; x_wconf 86' lang='lat' dir='ltr'>Stanihurstus)</span> <span class='ocrx_word' id='word_1_344' title='bbox 507 4205 602 4290; x_wconf 78' lang='lat' dir='ltr'>qulam</span> <span class='ocrx_word' id='word_1_345' title='bbox 619 4204 805 4270; x_wconf 69' lang='lat' dir='ltr'>christiane</span> <span class='ocrx_word' id='word_1_346' title='bbox 820 4205 967 4294; x_wconf 87' lang='lat' dir='ltr'>religioni</span> <span class='ocrx_word' id='word_1_347' title='bbox 982 4203 1110 4284; x_wconf 84' lang='lat' dir='ltr'>indixit,</span> <span class='ocrx_word' id='word_1_348' title='bbox 1133 4204 1188 4290; x_wconf 93' lang='lat' dir='ltr'>qui</span> <span class='ocrx_word' id='word_1_349' title='bbox 1210 4227 1316 4268; x_wconf 88' lang='lat' dir='ltr'>omma</span> <span class='ocrx_word' id='word_1_350' title='bbox 1336 4225 1449 4290; x_wconf 75' lang='lat' dir='ltr'>parum</span> 
     </span>
     <span class='ocr_line' id='line_1_40' title="bbox 251 4290 1450 4392; baseline -0.004 -35"><span class='ocrx_word' id='word_1_351' title='bbox 251 4305 359 4358; x_wconf 87' lang='lat' dir='ltr'>sancta</span> <span class='ocrx_word' id='word_1_352' title='bbox 373 4291 504 4358; x_wconf 88' lang='lat' dir='ltr'>delubra</span> <span class='ocrx_word' id='word_1_353' title='bbox 519 4291 660 4356; x_wconf 89' lang='lat' dir='ltr'>funditus</span> <span class='ocrx_word' id='word_1_354' title='bbox 675 4291 854 4371; x_wconf 84' lang='lat' dir='ltr'>eradicavit,</span> <span class='ocrx_word' id='word_1_355' title='bbox 870 4292 925 4392; x_wconf 74' lang='lat' dir='ltr'>qui</span> <span class='ocrx_word' id='word_1_356' title='bbox 941 4305 987 4357; x_wconf 89' lang='lat' dir='ltr'>tot</span> <span class='ocrx_word' id='word_1_357' title='bbox 1001 4315 1097 4356; x_wconf 88' lang='lat' dir='ltr'>annos</span> <span class='ocrx_word' id='word_1_358' title='bbox 1106 4290 1336 4356; x_wconf 89' lang='lat' dir='ltr'>intolerandum</span> <span class='ocrx_word' id='word_1_359' title='bbox 1346 4302 1450 4377; x_wconf 84' lang='lat' dir='ltr'>tyran·</span> 
     </span>
     <span class='ocr_line' id='line_1_41' title="bbox 249 4375 1449 4466; baseline -0.003 -22"><span class='ocrx_word' id='word_1_360' title='bbox 249 4379 358 4444; x_wconf 89' lang='lat' dir='ltr'>nidem</span> <span class='ocrx_word' id='word_1_361' title='bbox 381 4378 559 4466; x_wconf 85' lang='lat' dir='ltr'>occupavit,</span> <span class='ocrx_word' id='word_1_362' title='bbox 584 4379 639 4464; x_wconf 91' lang='lat' dir='ltr'>qui</span> <span class='ocrx_word' id='word_1_363' title='bbox 655 4379 845 4446; x_wconf 88' lang='lat' dir='ltr'>adolescenti</span> <span class='ocrx_word' id='word_1_364' title='bbox 860 4378 977 4464; x_wconf 83' lang='lat' dir='ltr'>v1rgini</span> <span class='ocrx_word' id='word_1_365' title='bbox 993 4403 1025 4443; x_wconf 89' lang='lat' dir='ltr'>re</span> <span class='ocrx_word' id='word_1_366' title='bbox 1050 4378 1088 4443; x_wconf 71' lang='grc' dir='ltr'>’ω</span> <span class='ocrx_word' id='word_1_367' title='bbox 1103 4392 1246 4466; x_wconf 89' lang='lat' dir='ltr'>stuprum</span> <span class='ocrx_word' id='word_1_368' title='bbox 1268 4375 1381 4441; x_wconf 78' lang='lat' dir='ltr'>infame</span> <span class='ocrx_word' id='word_1_369' title='bbox 1397 4375 1449 4440; x_wconf 88' lang='lat' dir='ltr'>de-</span> 
     </span>
     <span class='ocr_line' id='line_1_42' title="bbox 249 4463 1448 4562; baseline -0.003 -32"><span class='ocrx_word' id='word_1_370' title='bbox 249 4466 361 4544; x_wconf 87' lang='lat' dir='ltr'>crevit,</span> <span class='ocrx_word' id='word_1_371' title='bbox 384 4466 450 4529; x_wconf 77' lang='lat' dir='ltr'>ima</span> <span class='ocrx_word' id='word_1_372' title='bbox 472 4464 528 4552; x_wconf 89' lang='lat' dir='ltr'>qui</span> <span class='ocrx_word' id='word_1_373' title='bbox 549 4467 654 4553; x_wconf 83' lang='lat' dir='ltr'>ipsum</span> <span class='ocrx_word' id='word_1_374' title='bbox 675 4479 794 4554; x_wconf 88' lang='lat' dir='ltr'>patrem</span> <span class='ocrx_word' id='word_1_375' title='bbox 817 4489 925 4554; x_wconf 89' lang='lat' dir='ltr'>regem</span> <span class='ocrx_word' id='word_1_376' title='bbox 947 4466 1023 4530; x_wconf 75' lang='lat' dir='ltr'>adfi</span> <span class='ocrx_word' id='word_1_377' title='bbox 1050 4465 1109 4532; x_wconf 85' lang='lat' dir='ltr'>olae</span> <span class='ocrx_word' id='word_1_378' title='bbox 1124 4463 1311 4553; x_wconf 91' lang='lat' dir='ltr'>pudicitiam</span> <span class='ocrx_word' id='word_1_379' title='bbox 1326 4486 1448 4562; x_wconf 78' lang='lat' dir='ltr'>expug-</span> 
     </span>
     <span class='ocr_line' id='line_1_43' title="bbox 249 4549 1448 4640; baseline -0.004 -23"><span class='ocrx_word' id='word_1_380' title='bbox 249 4552 389 4618; x_wconf 86' lang='lat' dir='ltr'>nandam</span> <span class='ocrx_word' id='word_1_381' title='bbox 403 4575 507 4638; x_wconf 87' lang='lat' dir='ltr'>neque</span> <span class='ocrx_word' id='word_1_382' title='bbox 521 4575 696 4640; x_wconf 86' lang='lat' dir='ltr'>ganeonem</span> <span class='ocrx_word' id='word_1_383' title='bbox 711 4577 754 4618; x_wconf 84' lang='lat' dir='ltr'>ex</span> <span class='ocrx_word' id='word_1_384' title='bbox 768 4553 921 4618; x_wconf 89' lang='lat' dir='ltr'>lutrorum</span> <span class='ocrx_word' id='word_1_385' title='bbox 936 4551 1068 4640; x_wconf 81' lang='lat' dir='ltr'>fuligine</span> <span class='ocrx_word' id='word_1_386' title='bbox 1090 4575 1183 4640; x_wconf 88' lang='lat' dir='ltr'>super</span> <span class='ocrx_word' id='word_1_387' title='bbox 1197 4571 1351 4616; x_wconf 88' lang='lat' dir='ltr'>emersum</span> <span class='ocrx_word' id='word_1_388' title='bbox 1367 4549 1448 4614; x_wconf 84' lang='lat' dir='ltr'>solb-</span> 
     </span>
     <span class='ocr_line' id='line_1_44' title="bbox 250 4635 1449 4726; baseline -0.004 -22"><span class='ocrx_word' id='word_1_389' title='bbox 250 4638 370 4716; x_wconf 87' lang='lat' dir='ltr'>citavit,</span> <span class='ocrx_word' id='word_1_390' title='bbox 394 4652 449 4704; x_wconf 87' lang='lat' dir='ltr'>aut</span> <span class='ocrx_word' id='word_1_391' title='bbox 462 4652 626 4718; x_wconf 87' lang='lat' dir='ltr'>armatum,</span> <span class='ocrx_word' id='word_1_392' title='bbox 649 4653 704 4706; x_wconf 88' lang='lat' dir='ltr'>aut</span> <span class='ocrx_word' id='word_1_393' title='bbox 718 4639 935 4720; x_wconf 84' lang='lat' dir='ltr'>dormientem,</span> <span class='ocrx_word' id='word_1_394' title='bbox 958 4655 1012 4705; x_wconf 90' lang='lat' dir='ltr'>aut</span> <span class='ocrx_word' id='word_1_395' title='bbox 1031 4637 1217 4726; x_wconf 83' lang='lat' dir='ltr'>vigilantem</span> <span class='ocrx_word' id='word_1_396' title='bbox 1239 4636 1377 4704; x_wconf 89' lang='lat' dir='ltr'>emedio</span> <span class='ocrx_word' id='word_1_397' title='bbox 1393 4635 1449 4700; x_wconf 78' lang='lat' dir='ltr'>tob</span> 
     </span>
     <span class='ocr_line' id='line_1_45' title="bbox 249 4721 1448 4814; baseline -0.002 -24"><span class='ocrx_word' id='word_1_398' title='bbox 249 4726 337 4792; x_wconf 82' lang='lat' dir='ltr'>lere?</span> <span class='ocrx_word' id='word_1_399' title='bbox 360 4726 450 4792; x_wconf 88' lang='lat' dir='ltr'>dolus</span> <span class='ocrx_word' id='word_1_400' title='bbox 465 4749 505 4791; x_wconf 89' lang='lat' dir='ltr'>an</span> <span class='ocrx_word' id='word_1_401' title='bbox 519 4726 618 4791; x_wconf 88' lang='lat' dir='ltr'>virtus</span> <span class='ocrx_word' id='word_1_402' title='bbox 632 4726 702 4814; x_wconf 88' lang='lat' dir='ltr'>quis</span> <span class='ocrx_word' id='word_1_403' title='bbox 716 4727 749 4792; x_wconf 90' lang='lat' dir='ltr'>in</span> <span class='ocrx_word' id='word_1_404' title='bbox 765 4727 820 4792; x_wconf 89' lang='lat' dir='ltr'>tali</span> <span class='ocrx_word' id='word_1_405' title='bbox 846 4727 934 4794; x_wconf 86' lang='lat' dir='ltr'>hoste</span> <span class='ocrx_word' id='word_1_406' title='bbox 956 4725 1147 4814; x_wconf 59' lang='lat' dir='ltr'>requirati&#39;i</span> <span class='ocrx_word' id='word_1_407' title='bbox 1190 4724 1292 4804; x_wconf 91' lang='lat' dir='ltr'>Alibi,</span> <span class='ocrx_word' id='word_1_408' title='bbox 1314 4721 1382 4788; x_wconf 89' lang='lat' dir='ltr'>aliis</span> <span class='ocrx_word' id='word_1_409' title='bbox 1407 4723 1448 4788; x_wconf 87' lang='lat' dir='ltr'>de</span> 
     </span>
    </p>
   </div>
   <div class='ocr_carea' id='block_1_5' title="bbox 415 4923 1294 4992">
    <p class='ocr_par' dir='ltr' id='par_1_6' title="bbox 415 4923 1294 4992">
     <span class='ocr_line' id='line_1_46' title="bbox 415 4923 1294 4992; baseline -0.006 -15"><span class='ocrx_word' id='word_1_410' title='bbox 415 4925 425 4952; x_wconf 75' lang='grc'><em>·</em></span> <span class='ocrx_word' id='word_1_411' title='bbox 444 4927 541 4992; x_wconf 75' lang='lat' dir='ltr'>Topog.</span> <span class='ocrx_word' id='word_1_412' title='bbox 556 4927 616 4978; x_wconf 79' lang='lat' dir='ltr'>nib.</span> <span class='ocrx_word' id='word_1_413' title='bbox 631 4927 699 4979; x_wconf 86' lang='lat' dir='ltr'>Dict</span> <span class='ocrx_word' id='word_1_414' title='bbox 712 4927 737 4986; x_wconf 73' lang='lat'>³,</span> <span class='ocrx_word' id='word_1_415' title='bbox 751 4943 773 4979; x_wconf 92' lang='lat' dir='ltr'>c.</span> <span class='ocrx_word' id='word_1_416' title='bbox 785 4927 824 4978; x_wconf 77' lang='lat'>24.</span> <span class='ocrx_word' id='word_1_417' title='bbox 974 4929 988 4992; x_wconf 71' lang='lat' dir='ltr'>t</span> <span class='ocrx_word' id='word_1_418' title='bbox 1006 4927 1076 4979; x_wconf 83' lang='lat' dir='ltr'>Hist.</span> <span class='ocrx_word' id='word_1_419' title='bbox 1089 4925 1149 4976; x_wconf 84' lang='lat' dir='ltr'>Hib.</span> <span class='ocrx_word' id='word_1_420' title='bbox 1162 4939 1186 4990; x_wconf 87' lang='lat' dir='ltr'>p.</span> <span class='ocrx_word' id='word_1_421' title='bbox 1204 4923 1294 4975; x_wconf 82' lang='lat' dir='ltr'>aaa-1.</span> 
     </span>
    </p>
   </div>
   <div class='ocr_carea' id='block_1_6' title="bbox 0 0 1872 6053">
    <p class='ocr_par' dir='ltr' id='par_1_7' title="bbox 0 0 1872 6053">
     <span class='ocr_line' id='line_1_47' title="bbox 0 0 1872 6053; baseline 0 0"><span class='ocrx_word' id='word_1_422' title='bbox 0 0 1872 6053; x_wconf 95' lang='lat' dir='ltr'> </span> 
     </span>
    </p>
   </div>
  </div>
 </body>
</html>
