3772 6008
288 799 366 847 car.
383 782 448 869 ra]
658 797 839 846 reonoom
854 797 925 846 rao
941 797 1126 844 nissanrs.
1445 785 1463 848 7
1466 785 1486 850 5

293 978 433 1043 corpore,
449 952 554 1019 subitb
569 953 603 1018 in
619 952 763 1041 lupinum
779 954 1005 1032 transsumam,
1019 977 1084 1019 non
1098 951 1159 1018 nisi
1169 953 1363 1042 phantastice
1374 965 1489 1034 tamen,

291 1067 347 1108 seu
362 1040 536 1107 secundum
552 1040 739 1106 exteriorem
755 1039 902 1128 speciem,
916 1051 954 1105 ut
966 1053 1003 1105 tu
1017 1039 1143 1106 tandem
1165 1039 1220 1118 ais,
1242 1041 1432 1106 sacerdotem
1455 1045 1489 1108 in

291 1127 389 1217 sylvis
404 1127 535 1194 obvium
550 1139 583 1192 ct
597 1126 758 1192 sedentem
772 1127 831 1192 sub
852 1127 997 1193 frondost
1017 1127 1128 1192 arbore
1142 1126 1183 1192 ad
1202 1126 1310 1214 ignem
1331 1127 1489 1208 salutavit,

293 1239 346 1281 ore
368 1213 489 1314 lupino,
513 1213 651 1279 humant
672 1237 762 1292 voce,
786 1213 888 1280 aiens!
911 1212 1058 1279 “Securi
1079 1225 1188 1294 estote,
1219 1225 1252 1278 et
1273 1213 1340 1279 noli
1362 1216 1489 1295 timere,

293 1325 356 1366 non
371 1324 456 1368 cmm
470 1299 692 1388 trepidandum
706 1299 796 1366 vobis
810 1312 868 1378 est,
882 1299 938 1366 ubi
952 1323 1016 1365 non
1031 1312 1079 1366 est
1091 1299 1212 1382 timor,”
1229 1311 1305 1366 etc:
1327 1301 1382 1386 qui
1404 1302 1489 1367 idem
1626 1305 1628 1308 ’

293 1411 386 1454 verus
400 1387 495 1454 homo
507 1386 542 1451 in
564 1386 676 1474 lupum
696 1386 928 1475 phantasticum
948 1399 1095 1465 mutatus,
1117 1385 1309 1452 sacerdotem
1330 1387 1435 1467 suasit,
1458 1403 1491 1454 et

293 1473 456 1564 persuasit,
471 1486 508 1540 ut
522 1473 562 1538 ad
576 1496 639 1539 non
653 1473 763 1562 procul
778 1473 852 1539 inde
866 1473 901 1538 in
915 1473 1026 1539 eadem
1040 1473 1119 1538 silva
1133 1472 1307 1539 latitantem
1329 1475 1491 1542 accederet

292 1560 519 1650 phantasticam
533 1560 651 1648 lupam,
666 1560 721 1626 sed
742 1583 849 1626 veram
869 1559 1059 1660 phantastici
1081 1559 1149 1648 lupi
1163 1583 1306 1639 uxorem,
1328 1561 1490 1626 seminam·

294 1673 357 1734 que
372 1647 569 1725 catholicam,
584 1646 679 1734 piam,
694 1646 729 1712 in
743 1659 893 1713 extremm
907 1645 1050 1736 positam,
1065 1658 1098 1712 et
1153 1659 1271 1713 tentem
1286 1647 1489 1717 christianum

295 1735 458 1813 viaticum,
473 1733 541 1800 sive
555 1757 673 1800 sacram
688 1732 917 1812 eucharistiam,
932 1757 1027 1820 quam
1042 1670 1160 1802 scieiiit
1173 1734 1364 1800 sacerdotem
1376 1757 1393 1800 e
1408 1735 1490 1800 collo

293 1821 328 1888 in
342 1820 461 1910 piscids
474 1833 627 1886 servatam
641 1833 771 1908 gestare.
819 1820 892 1902 Quo
905 1819 1083 1908 trepidante
1094 1832 1127 1886 et
1140 1833 1290 1886 renuente
1306 1830 1326 1860 “
1340 1820 1491 1888 Sanctum

296 1908 370 1974 dare
396 1907 553 1985 canibus,”
582 1907 700 1972 nedum
720 1905 813 1995 lupis,
837 1919 892 1974 aut
916 1907 949 1973 lu
973 1908 1059 1986 abus,
1082 1918 1120 1973 ut
1141 1907 1266 1986 dicitur,
1291 1931 1364 1973 acce
1386 1932 1489 1974 coram

294 1995 452 2061 sacerdote
466 1995 560 2084 lupus
574 1993 663 2080 quasi
678 1993 759 2082 pade
773 2017 830 2082 pro
844 2016 941 2058 manu
950 1931 1099 2093 iungens,
1114 1994 1230 2083 pellem
1241 2005 1341 2060 totam
1356 2018 1374 2060 a
1388 1997 1491 2084 capite

294 2081 377 2170 lupe
393 2081 553 2146 retrahens
567 2079 721 2167 usquead
735 2079 922 2146 umbilicum
943 2081 1084 2169 replicat,
1106 2093 1139 2146 et
1160 2080 1323 2148 confestim
1344 2105 1491 2170 expressa

295 2169 396 2254 torma
416 2191 480 2234 non
500 2167 595 2256 lupae,
618 2165 674 2234 scd
695 2165 835 2232 mulieris
856 2167 971 2232 vetulae
992 2180 1026 2233 et
1045 2166 1138 2233 nude
1160 2167 1322 2255 cujusdam
1345 2183 1489 2268 apparet;

294 2279 390 2344 quam
415 2255 489 2320 clim
515 2253 657 2320 sacerdos
681 2252 799 2319 obnixe
825 2253 1045 2341 postulantem,
1071 2266 1104 2320 et
1128 2254 1243 2320 devote
1270 2255 1489 2321 eucharistiam

295 2341 527 2431 accipientem,
556 2353 747 2407 sacramento
772 2352 922 2428 pasceret,
944 2363 1067 2406 rursum
1088 2341 1239 2408 accedens
1259 2340 1352 2428 lupus
1373 2342 1489 2430 pellem

294 2429 447 2516 tantisper
474 2439 648 2506 retractam,
677 2426 776 2515 priori
805 2425 888 2515 lupe
913 2427 1020 2492 formae
1035 2427 1202 2515 coaptavit,
1226 2441 1260 2493 et
1283 2451 1358 2494 vera
1376 2430 1490 2496 mulier

295 2515 398 2581 denub
420 2515 455 2580 in
475 2515 583 2602 lupam
604 2513 831 2601 phantasticam
852 2536 1001 2582 conversa
1021 2513 1090 2579 firit.
1135 2513 1209 2595 Qut
1229 2515 1344 2602 gratias
1365 2529 1488 2604 agente,

295 2626 355 2690 pro
378 2601 492 2668 collato
516 2599 643 2689 synaxi,
663 2599 758 2666 rediit
775 2599 917 2666 sacerdos
932 2599 972 2666 ad
985 2623 1077 2666 suum
1091 2599 1209 2688 ignem,
1224 2601 1389 2668 comitatus
1403 2603 1489 2691 lupo,
1559 2618 1561 2631 ·

296 2688 352 2776 qui
367 2692 433 2754 tota
447 2687 568 2773 reliqut
590 2699 683 2752 nocte
708 2709 781 2752 cum
806 2687 986 2776 praesbitero
1009 2687 1050 2752 ad
1072 2686 1179 2775 ignem
1205 2687 1353 2768 assidens,
1378 2701 1412 2755 et
1436 2713 1490 2756 ore

295 2775 406 2864 lupino
418 2775 459 2841 de
473 2776 567 2840 rebus
579 2773 757 2840 coelestibus
772 2785 805 2840 et
825 2773 937 2840 futuris
960 2773 996 2838 in
1019 2774 1139 2839 mundo
1163 2774 1329 2840 eventibus
1352 2774 1490 2842 humant

295 2884 636 3015 {tamt
652 2859 755 3012 illl
776 2883 868 3013 {22⁵³
882 2860 1082 3013 tlttttt’
1108 2859 1490 3014 &mum

295 3035 408 3114 citato,
424 2972 500 3120 quii
505 3034 531 3100 si
547 2996 686 3112 historia,
698 2994 762 3099 nori
775 3033 882 3099 fabula
891 3032 942 3112 sit,
957 3056 1051 3119 quam
1061 2970 1174 3112 niirat,
1184 3047 1316 3122 cogetur
1329 3035 1419 3100 lateri
1434 3049 1489 3103 aut

294 3119 898 3276 tttttttttttt‘tttltt
912 3119 1409 3274 illeilldffial‘hfffifflh
1420 3122 1489 3274 Pil

296 3259 382 3360 dum,
409 3231 554 3372 aienteni,
592 3293 732 3360 “multis
767 3307 875 3382 patere
897 3230 1096 3382 iirgumentiis
1124 3231 1493 3382 phantasmapmtisecuilibet

295 3382 492 3482 ignem(cni
502 3386 568 3480 tott
580 3391 673 3446 nocte
686 3404 760 3446 cum
774 3379 933 3446 sacerdote
948 3380 1102 3447 assidebat
1122 3379 1308 3470 phantasma
1329 3381 1489 3471 lupinum)

295 3493 360 3535 ease
374 3469 649 3536 m1mrctss1mum.‘’

340 3555 447 3622 Venio
461 3555 502 3622 ad
517 3553 610 3620 aliam
629 3552 772 3620 Silvestri
792 3552 1055 3641 superstitionem,
1098 3577 1147 3619 uae
1161 3554 1266 3621 nescio
1281 3578 1321 3620 an
1342 3554 1414 3620 talis
1435 3579 1491 3621 un-

296 3665 391 3728 quam
415 3640 554 3708 inoidere
581 3639 720 3728 potierit
740 3640 836 3706 ullius
849 3640 959 3720 menti,
981 3639 1071 3706 non'
1099 3665 1159 3706 usae
1175 3653 1229 3708 aut
1243 3641 1372 3708 imbute
1387 3643 1489 3708 ethni·

296 3729 393 3794 cismo
416 3729 556 3806 deorum,
581 3727 634 3792 vel
654 3727 738 3793 certe
760 3727 873 3794 umbrt
894 3726 987 3794 illius.
1031 3727 1096 3793 Res
1117 3727 1161 3793 ita
1174 3751 1207 3793 se
1229 3727 1333 3795 habet
1378 3729 1488 3796 Refert

296 3813 455 3904 Gyraldus
470 3815 524 3881 lib.
540 3817 571 3892 2,
586 3837 649 3879 suae
664 3813 851 3880 Vaticinalis
866 3814 1024 3893 Historia,
1045 3837 1102 3880 seu
1124 3814 1380 3903 Expugnationis
1402 3817 1488 3883 Iber·

296 3903 367 3982 niae,
450 3951 457 3967 .
474 3905 505 3980 8,
528 3900 623 3966 asnis
637 3900 765 3988 patruis,
787 3899 941 3981 fratribus,
957 3901 1108 3990 cognatis,
1123 3901 1328 3968 vastatoribus
1343 3903 1489 3983 Iberniae,

295 3989 379 4055 “die
440 3987 540 4066 artis,’'
578 4009 649 4074 quae
672 3987 845 4054 notandum
870 4000 926 4067 est,
949 3987 1067 4075 inquit)
1092 3997 1111 4027 “
1124 4001 1247 4078 captam
1261 3987 1355 4056 fuisse
1376 3991 1487 4056 urbem

297 4075 500 4154 Limericum,
510 4073 562 4139 die
612 4073 685 4138 artis
699 4073 802 4140 eidem
817 4073 889 4140 urbi
898 4075 966 4162 jam
981 4086 1139 4163 occupate
1154 4074 1281 4154 abillis,
1296 4077 1352 4142 sed
1366 4097 1488 4142 rursum

295 4164 425 4228 obsemae
439 4163 479 4229 ab
494 4160 625 4238 ibernia,
640 4159 696 4246 qui
710 4184 767 4226 sua
779 4160 917 4249 recipere
932 4162 1096 4228 tentabant
1109 4161 1201 4228 fuine
1214 4162 1422 4242 subventum3
1437 4165 1489 4230 die

297 4249 409 4316 Martis
422 4273 460 4317 ca
482 4263 546 4315 tam
560 4246 654 4312 firisse
668 4248 779 4313 urbem
793 4245 1045 4326 Watcrlordiam,
1068 4247 1120 4314 die
1134 4247 1247 4315 Martis
1260 4251 1371 4316 urbem
1387 4251 1488 4316 Wex·

295 4336 438 4415 fordiam,
477 4336 506 4402 'e
521 4333 632 4399 Martis
644 4334 756 4400 urbem
770 4333 977 4414 Dublinium3
992 4359 1051 4401 nec
1065 4357 1123 4423 per
1134 4335 1319 4402 industriam
1333 4337 1427 4418 haec,''
1441 4339 1488 4402 in·

296 4423 375 4509 quit,
398 4431 418 4463 “
430 4423 486 4490 sed
507 4444 582 4488 casu
594 4419 661 4486 solo
675 4419 868 4508 contigisse.”
911 4421 1001 4502 Quid
1021 4435 1089 4488 tum
1104 4435 1221 4510 postea,
1242 4422 1275 4488 G
1296 4425 1393 4505 ralde,
1415 4426 1487 4492 sub·

290 4509 466 4662 ffi
477 4507 1488 4684 taratantaraattestatas·

190 4814 195 4825 ·
328 4809 343 4837 ‘
361 4807 498 4869 Quodnisi
516 4807 613 4867 fatuus,
634 4806 759 4859 t‘stehimr
778 4820 861 4868 nemo,
882 4808 925 4861 vet
943 4810 990 4876 qui
1006 4814 1101 4875 preter
1119 4808 1282 4873 phantasiam
1301 4809 1366 4860 nihil
1382 4809 1489 4872 reliqua

294 4874 390 4922 mentis
401 4873 479 4924 habet
490 4873 517 4922 in
528 4873 620 4937 capite.

1329 4955 1358 5004 Μ
