3736 6054
420 743 463 808 12
763 759 945 810 asenneus
959 760 1031 808 rso
1045 758 1234 808 ιιιιιιιιιιιιι.
1463 747 1557 823 [cnr.
1573 757 1611 804 11·

416 915 578 1003 religionis
591 915 827 1002 impressissent,
842 915 898 982 sed
912 939 975 980 non
989 915 1051 982 iirit
1063 915 1098 980 in
1111 914 1187 1002 ipsis
1200 913 1257 1000 qui
1271 925 1421 1000 tanquam
1435 914 1512 980 tuba
1525 913 1612 978 exal·

417 1015 498 1068 taret
512 1025 632 1079 vocem,
647 1025 710 1066 non
724 1003 786 1068 fuit
798 1003 853 1089 qui
869 1027 912 1068 ex
927 1003 1056 1068 adverso
1067 1001 1257 1079 ascenderet,
1272 1013 1305 1066 et
1314 1023 1440 1066 murum
1451 1023 1508 1088 pro
1519 1001 1613 1065 domo

417 1088 512 1155 Israel
526 1111 558 1154 se
572 1101 758 1176 opponeret;
772 1113 835 1155 non
851 1090 905 1175 qui
920 1113 1018 1176 usque
1033 1089 1073 1154 ad
1087 1087 1232 1167 exilium,
1247 1087 1364 1152 nedum
1378 1111 1477 1173 usque
1492 1087 1532 1152 ad
1546 1109 1613 1152 sen·

417 1175 547 1276 guinem
561 1198 618 1262 pro
632 1176 761 1241 ecclesid
776 1175 894 1243 Christi
909 1176 1080 1242 dimicaret.
1124 1175 1218 1241 Unde
1240 1187 1272 1239 et
1286 1197 1392 1239 omnes
1413 1172 1510 1239 sancti
1524 1185 1613 1238 terrae

417 1262 516 1341 istius,
538 1261 725 1328 confessores
746 1276 819 1328 sunt
841 1277 874 1329 et
886 1263 991 1329 nullus
1013 1275 1141 1350 martyr,
1167 1261 1253 1348 quod
1273 1261 1308 1326 in
1322 1259 1383 1326 alio
1397 1284 1494 1348 regno
1510 1258 1614 1326 chris

417 1350 503 1414 tiano
518 1345 646 1414 difficile
661 1349 721 1414 erit
733 1348 891 1428 invenire;
913 1351 1028 1415 mirum
1042 1365 1136 1436 atque
1150 1348 1236 1434 qubd
1245 1348 1300 1413 ubi
1312 1371 1389 1435 gens
1402 1345 1615 1412 crudelissima

418 1447 451 1502 et
474 1435 633 1524 sanguinis
657 1435 835 1502 sitibunda*
859 1436 966 1502 “fides
988 1437 1027 1502 ab
1049 1436 1178 1522 antiquo
1192 1434 1331 1513 fundata,
1353 1447 1386 1499 et
1399 1457 1522 1521 semper
1534 1433 1614 1532 tepi-

418 1521 545 1587 dissime
559 1545 615 1610 pro
631 1521 748 1588 Christi
762 1523 902 1602 ecclesii,
925 1547 1037 1589 corona
1057 1521 1200 1611 martyrii
1214 1521 1310 1587 nulla.
1354 1520 1428 1586 Non
1448 1520 1546 1609 igitur
1566 1542 1613 1583 m·

418 1621 531 1675 ventus
552 1609 654 1674 estin
675 1610 814 1698 partibus
835 1610 911 1689 istis,
932 1611 987 1696 qui
1001 1609 1139 1676 ecclesiae
1160 1609 1314 1696 surgentis
1332 1607 1534 1674 firndamenta
1547 1629 1613 1671 san-

417 1695 523 1783 guinis
538 1695 688 1761 effirsionc
703 1711 901 1776 cementsret,
915 1721 980 1763 non
994 1697 1055 1762 fuit
1068 1695 1123 1783 qui
1137 1696 1253 1761 laceret
1266 1696 1327 1761 hoc
1340 1696 1469 1772 bonum,
1478 1717 1543 1759 non
1553 1693 1615 1758 fuit

418 1805 517 1868 usque
532 1782 573 1847 ad
586 1805 694 1848 unum.
740 1785 822 1850 Sunt
836 1784 919 1850 enim
935 1795 1071 1872 pastores
1092 1782 1148 1869 qui
1162 1806 1226 1847 non
1240 1805 1364 1870 poscere
1382 1793 1535 1867 quarunt,
1558 1779 1614 1846 sed

418 1868 521 1956 pasci;
536 1882 608 1934 sunt
622 1869 742 1958 praelati
757 1871 811 1956 qui
826 1894 891 1936 non
904 1871 1050 1958 prodesse
1065 1870 1208 1958 cupiunt,
1223 1869 1278 1936 sed
1291 1892 1431 1958 praesse,
1447 1881 1520 1933 sunt
1534 1865 1615 1954 epis·

418 1956 490 2043 copi
504 1955 559 2041 qui
574 1980 639 2021 non
654 1980 746 2022 omen
761 1957 816 2022 sed
829 1981 954 2034 nomen,
964 1980 1027 2022 non
1042 1981 1120 2022 onus
1133 1957 1188 2022 sed
1202 1956 1352 2022 honorem
1368 1955 1613 2043 amplectrmtur;

418 2043 502 2108 unde
517 2042 641 2120 eccidit,
663 2055 699 2107 ut
712 2067 771 2109 nec
785 2045 917 2110 verbum
933 2043 1064 2109 Domini
1077 2043 1194 2133 populo
1216 2043 1397 2142 praedicent,
1419 2065 1477 2107 nec
1500 2040 1616 2108 scelera

419 2152 528 2195 eorum
542 2128 586 2194 eis
601 2130 796 2208 annuntient,
811 2154 869 2196 nec
884 2130 919 2195 in
932 2154 1028 2230 grege
1043 2129 1102 2196 sibi
1118 2153 1280 2195 commmso
1289 2129 1341 2195 vel
1356 2127 1614 2216 extirpentvitia,

419 2215 472 2280 vel
496 2215 626 2282 virtutes
652 2215 798 2281 inserant.
843 2218 926 2283 Cum
948 2241 1033 2282 emm
1055 2217 1119 2282 lere
1141 2239 1249 2282 omnes
1270 2216 1403 2282 iberniae
1447 2215 1544 2280 raelati
1573 2213 1614 2278 de

418 2301 611 2368 monasteriis
630 2303 666 2368 in
680 2303 797 2368 clerum
812 2303 904 2369 electi
919 2317 1001 2382 sunt,
1050 2327 1097 2369 uae
1120 2302 1265 2368 monachi
1287 2317 1368 2381 sunt,
1391 2239 1511 2368 soiicite
1531 2323 1614 2367 com-

418 2389 508 2476 plent
532 2389 653 2454 omnia:
676 2413 744 2488 quae
770 2391 844 2456 verb
868 2389 974 2456 clerici
996 2328 1049 2456 vel
1073 2389 1202 2478 praelati,
1217 2389 1281 2455 ferd
1295 2388 1533 2476 pretermittant
1546 2386 1614 2452 uni-

419 2499 516 2540 versa.
562 2475 620 2542 Sui
646 2499 729 2541 emm
752 2479 875 2542 tentum
899 2500 1005 2541 curam
1021 2490 1155 2565 agentes,
1172 2489 1204 2540 et
1224 2489 1373 2562 tanquam
1395 2475 1456 2541 sibi
1478 2474 1614 2552 solliciti,

419 2586 476 2650 pro
501 2585 556 2650 gre
580 2587 597 2628 e
619 2562 678 2628 sibi
700 2563 863 2629 commisso
884 2563 1044 2630 sollicitari
1066 2587 1105 2629 ne
1127 2563 1261 2651 ligenter
1282 2562 1432 2628 omittunt
1446 2575 1478 2628 et
1491 2573 1615 2674 postpo-

420 2660 509 2714 nunt
557 2587 624 2715 ded
648 2650 730 2715 mele
759 2649 818 2716 sibi
844 2649 1020 2738 provident,
1045 2589 1127 2716 mali
1149 2650 1198 2715 sui
1220 2673 1327 2715 curem
1348 2661 1456 2738 egunt,
1478 2673 1551 2714 cunr
1576 2647 1616 2714 iis

421 2759 553 2821 quorum
569 2735 715 2802 custodiae
730 2761 772 2802 ex
787 2737 921 2826 suscepti
942 2736 1102 2825 regiminis
1123 2737 1227 2802 officio
1241 2749 1313 2802 sunt
1327 2736 1478 2826 deputati,
1499 2759 1556 2823 per
1568 2733 1616 2798 in-

416 2822 533 2910 juriam
548 2837 581 2888 et
601 2823 835 2912 negligentiam,
858 2847 974 2903 euram,
996 2836 1029 2890 et
1040 2823 1271 2976 providentiam
1292 2823 1479 2890 subtrahunt
1493 2837 1525 2887 et
1544 2821 1616 2887 sub

421 2911 567 2976 ducunt.”
609 2911 697 2976 Bene
712 2910 808 2978 habet
823 2911 973 2999 Gyralde,
988 2935 1040 2977 reo
1053 2921 1175 2976 amante
1190 2910 1285 2976 etiem
1299 2909 1488 2976 conscientiis
1503 2913 1567 2986 tub,
1579 2919 1617 2974 ut

443 2997 514 3062 eulb
524 3008 593 3084 post
604 2998 753 3064 mentitus
766 2998 899 3064 videaris
914 3011 1021 3064 contra
1035 3011 1081 3064 tot
1096 3010 1172 3085 quot
1185 2997 1325 3076 infamas,
1337 3009 1456 3062 anctos
1470 3010 1533 3061 tam
1543 3019 1617 3060 eon·

420 3021 548 3148 iessores
569 3085 665 3169 quim
685 3097 846 3172 martyres,
862 3097 926 3150 tem
941 3110 958 3150 e
981 3085 1101 3173 isoopos
1115 3085 1209 3184 quim
1224 3085 1366 3171 praelatos
1380 3082 1456 3148 alios
1471 3082 1616 3159 Iberniae,

421 3169 598 3256 spostolicae
610 3169 683 3234 vitre
697 3170 791 3249 viros,
807 3183 838 3236 et
853 3173 941 3239 verbi
953 3109 1016 3237 ssei
1032 3195 1174 3271 egregros
1189 3193 1355 3258 praeeones,
1366 3194 1432 3236 non
1444 3170 1479 3234 in
1490 3167 1617 3235 Ibernid

420 3257 553 3332 tantiun,
568 3254 623 3320 scd
638 3255 716 3320 etin
730 3256 832 3356 patrib
845 3262 910 3336 tub,
924 3258 958 3321 in
975 3257 1091 3335 Scotrt,
1106 3281 1140 3321 111
1154 3257 1209 3321 An
1232 3257 1284 3336 lit,
1298 3257 1333 3322 in
1347 3256 1471 3345 Belgio,
1493 3257 1528 3322 in
1543 3255 1618 3322 Gal·

421 3342 474 3420 lit,
490 3341 525 3406 in
541 3341 887 3421 Germanit,1n'Italit,
904 3356 936 3408 et
950 3343 1037 3421 alibi,
1059 3343 1188 3409 testibus
1205 3281 1236 3410 ξ.
1253 3344 1413 3410 Bemerdo
1425 3343 1496 3431 (qui
1509 3342 1543 3407 in
1555 3340 1617 3407 tuis

422 3428 533 3495 diebus
547 3427 645 3515 vixit)
672 3441 704 3493 et
718 3428 860 3496 Romani
875 3429 1005 3495 ecclesie
1018 3429 1052 3494 in
1066 3453 1122 3494 suo
1138 3431 1365 3520 Martyrclogio
1388 3444 1421 3496 et
1441 3430 1509 3496 aliis
1531 3427 1618 3495 omni

423 3513 613 3603 exceptione
627 3515 806 3602 majoribus,
823 3539 955 3602 quorum
972 3539 1072 3604 pauca
1082 3517 1178 3582 verba
1188 3517 1270 3604 dabo
1285 3530 1317 3582 et
1330 3517 1476 3583 breviter.
1520 3515 1619 3582 Evin-

422 3626 502 3680 cem,
526 3615 619 3668 totto
634 3601 798 3691 protulisse
822 3602 916 3692 psulb
942 3615 1014 3668 eute
1033 3602 1196 3668 mendacia
1209 3619 1242 3669 ct
1263 3627 1380 3670 errores
1400 3627 1521 3692 graves,
1544 3613 1620 3690 quot

423 3689 504 3778 pene
519 3689 624 3768 rerba,
647 3703 701 3755 eut
714 3691 797 3756 certe
812 3689 990 3770 sententias,
1012 3691 1066 3756 sed
1084 3689 1239 3778 patienter
1252 3704 1285 3756 et
1305 3714 1482 3778 parumper,
1527 3714 1619 3768 uaeso,

424 3788 558 3866 expects
572 3777 657 3862 qubd
668 3778 734 3863 jam
750 3800 912 3865 properem
928 3778 1090 3866 propalare
1104 3800 1201 3842 novas
1214 3790 1282 3842 tuas
1297 3776 1442 3843 adversus
1458 3715 1620 3844 ecclesiam

424 3877 457 3929 et
471 3875 590 3930 sanctos
604 3863 823 3952 blasphemias,
846 3887 921 3950 quas
936 3889 954 3929 e
968 3877 999 3929 te
1014 3877 1213 3930 extorserunt
1228 3889 1297 3950 quae
1308 3864 1375 3951 jem
1391 3863 1539 3953 descripsi
1553 3877 1619 3944 tua,

423 3950 663 4016 vacuaveritate
672 3951 778 4028 verba,
787 3951 945 4017 mordacis
960 3965 992 4016 et
1005 3949 1155 4039 injuriose
1170 3951 1204 4016 in
1215 3964 1342 4040 gentem
1357 3965 1390 4017 et
1400 3965 1522 4018 sanctos
1533 3951 1620 4017 Iber·

425 4036 497 4116 niae,
565 4039 605 4101 nd
620 4037 807 4104 innumeros.
868 4037 921 4104 Sic
943 4037 1042 4125 igitur
1055 4037 1176 4127 pergis!
1201 4037 1336 4137 praefigis
1358 4038 1454 4104 istum
1478 4038 1618 4115 titrrlum,

424 4133 444 4164 “
456 4059 692 4224 qubdequidam
707 4123 791 4190 intirs
805 4149 870 4192 esse
885 4124 1033 4190 videntur
1052 4125 1107 4212 qui
1122 4126 1202 4190 foras
1216 4125 1302 4190 missr
1314 4127 1401 4190 sunt'’
1415 4138 1447 4191 et
1462 4149 1480 4190 e
1495 4125 1620 4191 diverso

425 4209 540 4276 demde
554 4210 662 4276 ordine
677 4233 816 4276 narrare.
861 4211 1014 4278 “Mirum
1029 4226 1133 4278 autem
1156 4212 1241 4298 qubd
1263 4213 1335 4277 clun
1350 4211 1477 4278 omnino
1500 4211 1622 4277 desides

425 4297 474 4362 sui
490 4295 595 4376 officii,
617 4309 681 4362 tam
702 4299 898 4364 subditorum
912 4299 1019 4366 salutis
1040 4298 1234 4387 negligentes
1249 4297 1385 4387 (Themi)
1406 4323 1471 4364 sem
1494 4323 1529 4365 er
1542 4298 1623 4365 exis·

426 4384 532 4461 terint,
556 4384 640 4469 qubd
655 4396 704 4450 tot
718 4407 760 4450 ex
774 4385 842 4450 istis
856 4385 891 4450 in
905 4391 987 4451 terre
1001 4409 1059 4474 pro
1074 4385 1187 4451 sanctis
1203 4386 1350 4472 (quorum
1365 4385 1417 4451 vel
1430 4385 1466 4450 in
1531 4409 1623 4452 mano

460 4569 476 4600 ⁴⁹
493 4567 593 4634 Nempe
618 4571 716 4620 armmt
741 4585 821 4622 mann
838 4570 937 4621 resistit
954 4570 1086 4629 nautum.
1113 4571 1229 4634 cognatis
1248 4569 1357 4636 Gyraldi
1375 4572 1422 4637 qni
1436 4585 1508 4624 more
1523 4577 1551 4624 et
1564 4571 1625 4636 jtrre

428 4633 538 4686 Turcieo
555 4633 661 4686 collecti
679 4649 759 4686 manu
777 4637 871 4700 megel
887 4636 1045 4700 predonum,
1064 4636 1149 4687 invito
1166 4643 1193 4687 et
1203 4637 1252 4688 sub
1267 4639 1456 4702 capitalipoent
1472 4638 1625 4702 prohibente

427 4700 543 4778 ipsorum
554 4713 615 4763 rege
625 4698 737 4778 Augilas.
749 4701 862 4779 ilenrico
873 4701 920 4759 IL,
934 4701 1010 4760 ferro,
1023 4700 1127 4778 flemme
1137 4701 1306 4780 devastabant
1316 4703 1446 4754 Ibernisrn
1454 4709 1481 4780 et
1490 4703 1625 4764 indigenas

427 4769 624 4883 inurarffitem
642 4765 766 4829 redigere,
786 4771 813 4818 et
830 4765 950 4819 libertate
967 4779 998 4817 ac
1017 4766 1121 4829 ιοειῑιιι
1139 4768 1251 4833 propriis
1269 4773 1296 4820 st
1313 4769 1405 4834 pontis
1416 4769 1519 4821 sedibus
1531 4779 1626 4818 eruere

429 4843 458 4879 sa
485 4844 517 4892 ge
581 4868 588 4883 .
