3736 6054
416 697 456 761 52
758 711 938 759 aroucam
953 709 1023 758 rao
1039 711 1225 758 areanum.
1463 703 1556 776 [ear.
1574 715 1607 760 v.

415 890 476 954 que
505 851 663 933 cathedra
682 865 938 1018 archiepiscopali
967 867 1111 945 Iberniae‚
1142 867 1288 932 sederimt
1316 879 1388 932 ante
1420 867 1452 934 S.
1469 867 1608 948 Celsum,

414 953 672 1042 praedecessorem
687 953 792 1020 Malae
815 954 864 1033 iae,
887 963 906 994 “
918 967 987 1019 octo
1002 953 1128 1020 uxorati
1152 968 1185 1019 et
1207 956 1246 1021 ab
1280 979 1321 1020 ue
1343 954 1416 1020 ullis
1437 955 1608 1032 ordinibus,

415 1042 499 1126 sed,”¹
519 1040 623 1127 inquit
647 1041 679 1106 S.
702 1041 888 1118 Bernardus,
912 1040 1073 1107 “litterati
1093 1043 1224 1107 tamen.”
1302 1041 1369 1106 ides
1392 1041 1608 1108 cambrensis!

414 1141 452 1192 ut
467 1127 588 1192 etiamsi
604 1127 708 1214 aliquo
723 1141 863 1215 tempore
877 1127 994 1192 fuerint
1008 1127 1096 1193 melis
1111 1129 1260 1206 moribus,
1283 1151 1347 1193 non
1362 1127 1489 1194 fuenmt
1503 1143 1608 1194 nmen

415 1219 453 1280 eb
461 1214 597 1280 ruditate
607 1214 1088 1302 etinscitit,quamtutautopere
1098 1228 1130 1280 et
1138 1215 1255 1301 ubique
1264 1238 1446 1302 exaggeras.
1469 1215 1608 1282 Transeo

416 1299 457 1366 ad
472 1301 611 1367 seculum
626 1302 769 1400 proxime
784 1301 962 1390 praeeedens
977 1314 1076 1380 tuum,
1090 1300 1121 1366 Ο
1133 1300 1290 1389 Gyraldel
1313 1302 1347 1366 in
1363 1326 1425 1388 quo
1440 1326 1503 1366 non
1517 1301 1609 1368 fuisse

415 1387 478 1452 fide
502 1403 534 1454 et
558 1388 697 1454 monbus
719 1388 796 1453 adab
819 1387 986 1476 deploratis
1006 1388 1183 1453 universam
1206 1388 1391 1454 Ibernorum
1413 1401 1550 1477 gentem,
1573 1401 1610 1454 ut

417 1474 553 1552 dicebas,
570 1475 696 1541 docebit
710 1499 777 1554 nos,
793 1499 887 1560 quem
902 1487 937 1539 tu
952 1474 1066 1562 legisti,
1089 1473 1251 1540 Marianus
1275 1474 1396 1555 Scotus,
1418 1477 1472 1562 qui
1495 1475 1535 1540 ad
1557 1499 1609 1540 an·

415 1584 493 1626 num
508 1562 615 1627 salutis
632 1563 715 1628 1053
733 1565 811 1650 (quo
834 1562 994 1627 Marianus
1017 1562 1130 1650 agebat
1151 1585 1269 1626 annum
1291 1562 1390 1627 aetatis
1412 1585 1475 1626 suae
1499 1563 1550 1639 35,
1572 1575 1610 1627 ut

416 1647 427 1712 i
466 1673 483 1714 e
500 1651 642 1732 testatur)
660 1649 704 1714 sie
718 1648 841 1714 scribit:
864 1658 884 1688 ‘⁴
896 1647 1068 1714 Arderictn
1082 1649 1248 1726 Barbosus‚
1263 1647 1298 1712 in
1313 1649 1440 1715 Ibernib
1453 1648 1505 1713 vir
1517 1649 1610 1714 valdb

416 1672 551 1802 libosus
574 1749 607 1801 et
631 1735 718 1800 mirae
743 1735 920 1824 religionis3
946 1735 1013 1824 ipse
1039 1735 1124 1800 enim
1147 1735 1277 1801 feminas
1300 1747 1333 1800 et
1354 1735 1500 1824 puerulos
1524 1759 1609 1801 more

416 1821 600 1888 elericorum
614 1823 775 1900 tondebat,
792 1835 824 1888 et
838 1845 975 1900 coronas,
998 1835 1030 1886 et
1052 1846 1117 1887 uon
1137 1821 1241 1887 velata
1261 1822 1365 1910 capita
1385 1822 1515 1887 feminas
1538 1846 1609 1888 eon·

416 1933 520 1974 versas
533 1909 648 1974 habere
662 1910 787 1987 debere,
802 1908 1000 1997 praedicabat,
1022 1931 1190 1994 earumque
1211 1908 1361 1986 scholam,
1383 1922 1415 1974 et
1435 1909 1609 1998 puellarum

417 2007 451 2061 et
464 2019 631 2082 puerorum
646 2009 677 2060 et
691 1995 841 2060 laieorum
855 1995 986 2061 multam
998 1995 1150 2072 habebat3
1166 1995 1206 2060 ob
1221 1995 1255 2059 id
1266 2019 1308 2061 ex
1320 1995 1446 2060 Ibemit
1456 1997 1611 2083 projectus

418 2083 489 2147 est.''
532 2082 572 2146 In
587 2107 657 2168 quae
672 2081 808 2146 Mariani
823 2082 918 2147 rerba
939 2082 1022 2146 istud
1044 2080 1197 2148 scholium
1220 2082 1315 2168 adjun
1339 2081 1365 2148 't
1386 2083 1548 2162 Batonius,
1571 2082 1611 2147 ad

418 2167 565 2232 eumdem
579 2167 687 2234 salutis
702 2191 818 2234 annum
836 2169 930 2248 1053,
944 2167 979 2232 in
994 2167 1067 2248 line,
1090 2167 1190 2234 aiens:
1214 2177 1233 2208 “
1244 2169 1284 2233 In
1299 2106 1425 2234 Ibernio
1438 2168 1611 2236 Arderious

418 2255 584 2333 Barbosus,
600 2255 655 2340 qui
670 2254 710 2320 de
725 2279 757 2320 se
772 2279 922 2342 magnam
933 2253 1103 2320 sanctitatis
1118 2280 1136 2320 o
1159 2254 1298 2321 inionem
1313 2255 1532 2333 concitaverat,
1555 2255 1610 2320 ubi

419 2353 560 2429 repertus
575 2354 621 2406 est
635 2365 654 2406 a
667 2342 799 2428 receptis
813 2342 848 2406 in
863 2341 993 2407 ecclesia
1007 2341 1118 2407 rit-ibus
1134 2279 1306 2423 dissentire,
1316 2343 1355 2408 ab
1369 2341 1471 2406 insula
1481 2342 1612 2408 tenacis·

417 2428 497 2493 simb
518 2427 593 2492 fidei
609 2427 780 2494 Catholicae
795 2430 912 2515 ejectus
928 2441 982 2494 est.
1027 2428 1110 2495 cum
1125 2429 1211 2494 enim
1232 2428 1375 2494 viderent
1395 2428 1514 2507 fideles,
1525 2429 1612 2494 hunc

417 2514 502 2602 ipsos
515 2538 628 2603 pueros
643 2527 675 2582 et
689 2515 818 2604 puellas,
834 2515 1016 2582 clericorum
1030 2539 1127 2594 more,
1143 2516 1271 2581 tondere
1285 2516 1319 2580 in
1333 2515 1463 2581 modum
1478 2539 1610 2595 coronae,

418 2616 451 2668 et
480 2621 588 2669 contra
616 2601 790 2691 apostolum
817 2601 949 2668 seminas
977 2626 1040 2667 non
1069 2603 1182 2668 debere
1205 2603 1309 2668 velare
1335 2615 1438 2691 caput,
1461 2625 1610 2681 asserere;

414 2689 597 2775 judicarunt
618 2688 756 2754 stultitia
779 2702 812 2755 et
831 2689 978 2768 levitatis,
999 2689 1053 2755 vel
1075 2691 1160 2776 quod
1181 2688 1317 2755 deterius
1335 2703 1392 2766 est,
1407 2713 1528 2778 magnae
1543 2713 1609 2755 esse

418 2776 570 2876 superbiae
585 2776 749 2854 indicium,
766 2775 901 2876 antiquis
915 2775 1053 2842 ecclesia
1068 2775 1174 2842 usibus
1188 2789 1221 2841 et
1235 2775 1455 2842 traditionibus
1475 2799 1540 2840 non
1561 2799 1609 2842 aa·

419 2865 603 2950 qmescere.'’
660 2862 765 2929 Audis
793 2864 871 2964 quud
899 2863 950 2928 isti
979 2863 1144 2931 adversum
1173 2876 1205 2928 te
1235 2863 1350 2941 dicant,
1389 2862 1609 2929 cambrensis?

417 2949 553 3050 periisti;
577 2962 609 3016 et
624 2949 832 3016 damnationis
854 2950 1038 3016 sententiam
1061 2963 1122 3016 tuae
1144 2949 1308 3015 calumniae
1319 2949 1384 3015 acci
1409 2949 1489 3029 iant,
1512 2951 1537 3015 si
1552 2951 1609 3017 hos

414 3037 538 3122 judiees
553 3036 732 3101 Marianum
748 3049 780 3102 et
795 3037 965 3103 Beronium
981 3037 1084 3103 audis:
1106 3061 1209 3123 neque
1224 3049 1255 3103 te
1277 3036 1374 3102 latere
1386 2974 1480 3102 lavile
1494 3037 1608 3126 potuit,

419 3122 497 3208 quid
519 3123 554 3186 in
578 3121 733 3200 Mariano,
762 3135 840 3188 teste
873 3125 1005 3204 oatrlato,
1037 3123 1092 3210 qui
1117 3123 1178 3189 boc
1200 3123 1212 3188 i
1235 3148 1269 3189 so
1293 3147 1375 3190 anuo
1399 3125 1484 3190 1053
1506 3124 1608 3190 adhuc

408 3209 541 3274 ·viverat
554 3208 588 3273 in
604 3209 740 3283 lbemia,
757 3209 812 3274 ubi
827 3221 859 3275 et
873 3223 963 3275 natus
976 3222 1051 3282 erat,
1066 3210 1180 3298 legeris
1201 3148 1240 3276 db
1263 3210 1387 3275 defectu
1409 3210 1551 3275 ruditatis
1573 3209 1608 3275 in
1647 3249 1656 3267 ·

418 3296 510 3361 rebus
525 3294 696 3361 Catholicae
711 3295 787 3360 fidei
801 3296 854 3361 vel
868 3297 1019 3362 bonarum
1034 3297 1217 3376 litterarum,
1229 3296 1331 3384 deque
1349 3296 1469 3362 fervore
1483 3296 1609 3384 pietatis

419 3394 452 3447 et
465 3382 568 3533 stpdio
582 3381 757 3449 liberalium
773 3383 1017 3472 disciplinarum,
1033 3407 1102 3470 quaa
1116 3383 1177 3450 hoo
1192 3407 1259 3449 aevo
1274 3383 1423 3473 vigebant
1443 3382 1477 3448 in
1499 3385 1609 3450 eddam

419 3469 489 3534 insu
504 3474 530 3534 b.

464 3555 564 3640 Cujus
577 3555 717 3636 fervoris,
734 3569 911 3648 etmagnae,
934 3581 1003 3644 quae
1025 3569 1101 3624 tune
1122 3556 1189 3625 illie
1211 3557 1349 3646 vigebat,
1372 3557 1553 3623 constantiae
1574 3557 1609 3622 in

419 3641 482 3709 fide
498 3627 671 3723 Catholici,
687 3668 750 3710 non
765 3644 917 3734 exiguum
932 3643 1085 3710 indicium
1101 3669 1166 3712 esse
1177 3657 1279 3732 potest
1289 3643 1473 3731 martyrium
1484 3644 1609 3710 horreu-

420 3731 507 3808 dum,
523 3730 607 3816 quod
623 3730 655 3797 S.
672 3730 842 3798 Colmanus
862 3732 967 3819 (cujus
988 3731 1132 3797 meminit
1152 3732 1330 3798 Romanmn
1353 3731 1610 3832 martyrologium

421 3817 461 3883 ad
477 3819 518 3882 13
533 3816 621 3906 Oet.)
631 3817 715 3884 filius
728 3818 810 3908 regis
827 3818 940 3884 &otim
955 3819 1068 3886 veteris
1084 3817 1150 3885 sive
1165 3816 1610 3896 Iberniae,subiit1lloeodem

420 3902 535 3982 seculo,
550 3904 584 3968 id
606 3918 653 3970 est
674 3929 755 3971 anno
777 3905 884 3971 salutis
907 3907 1002 3985 1012,
1024 3904 1058 3970 in
1078 3905 1209 3971 Austrib
1229 3903 1417 3985 Germaniae,
1439 3905 1474 3971 in
1495 3906 1611 3994 oppido

423 3989 618 4070 Storkenaw,
634 3991 674 4056 ad
688 3992 881 4071 Danubium,
896 4015 960 4058 non
974 3993 1068 4080 longe
1091 3992 1260 4070 aViennb,
1282 3991 1455 4080 imperante
1470 3992 1611 4061 Hearieo

420 4075 465 4142 ΙΙ.
477 4090 685 4166 cognomento
696 4079 818 4145 Olaudo
828 4079 913 4146 dieto
931 4079 1054 4158 Sancto,
1070 4078 1125 4165 qui
1140 4079 1200 4145 fuit
1210 4079 1329 4232 00qu
1340 4078 1379 4144 Β.
1390 4078 1609 4167 Kunegrmdia

420 4165 585 4252 Augustae,
602 4164 742 4266 virginis.
786 4167 860 4246 Quo
875 4191 957 4232 anno
970 4167 1079 4233 beatus
1103 4165 1234 4231 Ibemus
1289 4165 1430 4230 almanus
1455 4189 1472 4230 e
1497 4163 1609 4252 patrib,

420 4249 678 4339 peregrinatioms
700 4252 953 4319 Ierosolimitanae
983 4251 1134 4319 obeundae
1218 4251 1273 4330 tia,
1297 4250 1378 4340 pede
1440 4274 1532 4340 rgens
1595 4273 1611 4315 r

420 4337 592 4416 Austriam,
614 4339 889 4438 comprehenditur
911 4339 1068 4405 anafariis
1089 4339 1164 4428 oppi
1187 4337 1253 4404 anis
1275 4275 1461 4424 quibusdbem
1484 4275 1611 4402 810ιὶ3-

420 4424 627 4502 nawensibus,
642 4449 697 4510 qu1
712 4425 793 4491 sicut
806 4427 911 4492 Judaei
927 4439 1033 4492 contra
1055 4425 1225 4502 Christum,
1248 4425 1467 4490 confinxerunt
1488 4447 1610 4490 aecusa-

420 4511 522 4578 tiones
544 4511 688 4576 adversus
698 4512 850 4597 juvenem
865 4528 897 4579 et
910 4513 1011 4602 princi
1034 4537 1083 4578 em
1099 4511 1398 4588 innocentissimum,
1420 4524 1453 4576 et
1473 4509 1610 4596 primum

421 4598 604 4665 cadentibus
628 4597 798 4696 forcipibus
823 4613 984 4689 exceptus,
1010 4537 1141 4687 dagellis
1163 4622 1268 4678 caesus,
1300 4597 1432 4681 fustibus
1454 4609 1609 4674 contusus,

422 4686 536 4751 deinde
561 4685 841 4753 coustennssimum
865 4687 900 4751 in
926 4685 1044 4752 Christi
1070 4685 1261 4750 consessione
1282 4684 1316 4748 in
1339 4683 1514 4772 patibulum
1537 4706 1610 4748 cum

421 4773 592 4839 latronibm
606 4787 745 4860 egenmt
792 4772 831 4838 In
845 4798 908 4859 quo
922 4772 1003 4839 solus
1017 4771 1145 4838 victima
1161 4771 1233 4851 Dei,
1250 4772 1371 4837 duobus
1393 4768 1491 4849 annis,
1512 4769 1611 4836 incor-
