3736 6054
448 657 488 721 36
791 671 1257 722 arococmraoumsaum.
1478 655 1569 742 [cae.
1586 673 1634 718 iv,

446 829 502 894 illa
516 853 585 914 quae
600 829 694 916 paulb
709 829 781 892 ante
796 828 1013 915 refutavimus)
1030 841 1062 895 et
1076 829 1180 894 mirati
1194 829 1310 894 fuerint
1324 839 1443 892 tantam
1457 825 1491 892 in
1506 828 1634 894 homine

445 915 606 982 audaciam
621 930 654 980 et
669 914 861 980 aversionem
876 917 914 982 ab
934 916 1007 995 illis,
1030 917 1095 1003 qui,
1118 929 1153 980 ut
1174 915 1308 1004 publicis
1327 914 1447 1002 scriptis
1462 915 1633 1002 evulgavit,

444 1027 548 1088 neque
574 1027 629 1068 suo
655 1002 770 1081 seculo,
795 1027 896 1088 neque
921 1027 978 1068 sex
1003 1002 1208 1068 anterioribus
1233 1002 1284 1067 vel
1305 1025 1404 1067 unum
1426 1001 1578 1067 vidissent
1598 1001 1633 1067 in

446 1089 573 1154 Ibernia
593 1091 711 1155 bonum
733 1102 899 1177 pastorem,
922 1090 1096 1177 praelatum,
1125 1113 1299 1189 praeconem
1322 1089 1550 1175 evangelicum,
1579 1089 1634 1154 sed

444 1176 591 1264 pessimos
605 1200 711 1241 omnes
726 1200 823 1262 usque
839 1177 879 1241 ad
892 1200 1001 1254 unum,
1025 1190 1057 1241 et
1070 1175 1190 1241 desrdes
1205 1200 1241 1242 ac
1255 1176 1450 1263 negligentes
1463 1175 1511 1239 sui
1527 1175 1633 1253 officii,

445 1271 500 1329 tto.
545 1263 627 1328 cam
642 1277 747 1328 tamen
761 1263 904 1328 univorsa
919 1271 998 1351 pene
1014 1264 1152 1351 Europa,
1175 1277 1208 1328 et
1228 1263 1358 1328 lectores
1375 1262 1525 1327 librorum
1541 1263 1633 1328 (lam-

445 1349 563 1415 brensis
578 1350 652 1416 dum
668 1350 798 1429 viveret,
821 1350 932 1437 partim
955 1375 1011 1438 per
1024 1350 1143 1436 ubique
1157 1374 1290 1437 sparsam
1305 1349 1429 1428 famam,
1449 1348 1562 1436 partim
1578 1373 1634 1436 per

445 1435 624 1502 testimonia
640 1437 671 1503 S.
688 1437 850 1515 Bemardi,
876 1438 973 1524 probb
996 1436 1221 1502 intellexerunt
1245 1436 1301 1501 illo
1322 1436 1390 1524 ipso
1412 1435 1517 1502 seculo
1541 1435 1633 1501 Gam-

444 1523 571 1602 brensis,
594 1537 642 1589 tot
663 1537 825 1610 tantosque
848 1523 1051 1589 sanctimonia
1065 1524 1149 1601 vitae,
1172 1525 1239 1589 zelo
1255 1523 1354 1587 divini
1374 1522 1498 1588 honoris
1511 1545 1633 1609 promo·

445 1611 552 1687 vendi,
568 1624 601 1675 et
614 1611 719 1676 salutis
735 1611 917 1690 animarum,
940 1610 1085 1676 claruisse
1100 1611 1133 1675 in
1148 1609 1275 1676 Ibernia
1288 1609 1458 1697 episcopos,
1481 1609 1632 1696 praelatos,

445 1697 580 1782 quirvix
594 1721 657 1762 uno
672 1721 810 1783 unquam
826 1698 887 1763 alio
902 1696 1006 1763 seculo
1022 1698 1086 1762 sive
1100 1697 1134 1760 in
1150 1697 1285 1774 Iberniat,
1308 1697 1373 1762 sive
1395 1697 1521 1762 sortasse
1543 1710 1634 1760 extra

446 1807 531 1849 eam:
554 1798 621 1849 tum
636 1786 710 1849 verb
735 1783 919 1849 nominatim
944 1784 1088 1849 claruisse
1110 1783 1244 1849 eximios
1265 1783 1336 1848 illos
1357 1796 1493 1872 pastores
1507 1795 1539 1848 et
1557 1807 1633 1870 prar-

445 1894 538 1937 cones
554 1871 676 1936 divinos
690 1869 891 1947 Malachiam,
908 1870 1123 1949 Laurentium,
1139 1871 1267 1936 Celsum
1284 1870 1411 1956 (relatos
1425 1869 1459 1934 iu
1481 1883 1631 1958 martyro·

445 1957 565 2045 logium
580 1958 773 2032 Romanum)
791 1958 965 2036 Malchum,
981 1958 1056 2023 alios
1069 1957 1178 2023 citatos
1193 1971 1225 2023 et
1239 1957 1379 2022 laudatos
1393 1980 1455 2037 ore,
1467 1980 1531 2021 non
1545 1957 1631 2022 testis

446 2046 486 2110 de
501 2045 604 2124 trivio,
621 2045 675 2110 sod
690 2044 894 2110 laudatissimi
910 2069 945 2110 ac
961 2045 1061 2109 divini
1076 2045 1137 2108 viri
1151 2043 1313 2109 Bernardi.

489 2132 584 2212 Qubd
596 2131 622 2197 si
632 2132 835 2219 tu,Gyralde,
848 2155 884 2196 ea
894 2156 989 2232 negas
1000 2131 1086 2208 salsa,
1098 2155 1168 2217 quae
1180 2133 1219 2198 ab
1230 2130 1352 2196 Ibernis
1366 2128 1427 2195 Dei
1439 2131 1632 2217 praeoonibus

447 2230 495 2284 tot
508 2219 664 2304 tantisque
685 2231 773 2304 gesta
787 2231 858 2284 sunt
872 2218 906 2283 in
922 2219 1031 2284 drebus
1047 2218 1117 2295 tuis,
1128 2232 1160 2283 et
1170 2219 1205 2282 in
1214 2230 1385 2306 conspectu
1394 2217 1533 2282 omnium
1583 2219 1633 2296 ne,

446 2308 500 2390 qui
523 2306 627 2370 seculo
652 2317 707 2370 tuo
730 2305 875 2371 vixerant
896 2305 930 2371 in
955 2305 1047 2370 variis
1073 2305 1310 2371 christianorum
1335 2241 1631 2392 provinciis,idi1gb

445 2391 569 2478 lateque
585 2392 709 2472 diffusa,
724 2416 780 2480 per
794 2393 961 2479 Angliam,
974 2391 1120 2470 Galliam,
1144 2391 1279 2469 latiam,
1298 2391 1445 2469 Scotiam,
1460 2391 1632 2456 Iberniam·

446 2502 507 2563 que
522 2479 605 2544 fama
623 2479 774 2544 factorum
790 2478 966 2557 Malachiae,
989 2477 1169 2544 Laurentii*
1193 2489 1226 2543 et
1247 2478 1379 2544 aliorum
1394 2477 1527 2542 Ibemiae
1549 2501 1633 2543 sanc·

444 2579 559 2644 torum,
582 2590 659 2652 quos
673 2567 768 2631 etiam
782 2580 903 2632 sanctos
915 2567 1007 2632 fuisse
1030 2589 1093 2630 non
1107 2565 1225 2645 scribis,
1252 2577 1387 2652 excepto
1403 2564 1581 2644 Laurentio,
1597 2565 1633 2630 in

445 2675 508 2738 quo
523 2652 618 2719 etiam
642 2653 709 2741 ipse
724 2655 782 2720 tibi
798 2653 991 2733 contradicis,
1014 2653 1092 2738 quid
1113 2652 1237 2731 mirum,
1260 2651 1286 2717 si
1302 2652 1447 2718 audacter
1467 2675 1562 2738 neges
1583 2675 1631 2731 ea,

446 2763 548 2826 quaea
571 2740 681 2806 diebus
699 2753 732 2806 et
752 2741 856 2807 seculo
881 2753 936 2806 tuo
958 2740 1049 2828 longe
1071 2739 1236 2805 remotiora
1257 2739 1353 2818 fuere,
1375 2737 1522 2803 nimirum
1549 2746 1636 2827 “per

447 2840 559 2892 cuncta
573 2841 655 2892 retro
669 2827 837 2893 cunicula''
853 2829 904 2914 (ut
918 2841 987 2892 utar
1001 2828 1098 2893 verbo
1113 2828 1183 2913 tuo)
1194 2849 1355 2904 annorum,
1373 2825 1567 2890 ascendendo
1581 2850 1632 2890 us-

447 2937 508 2999 que
524 2914 564 2979 ad
581 2914 613 2979 S.
631 2914 808 2993 Patritium,
831 2915 875 2980 ais
897 2914 1054 2980 nenrinem
1076 2917 1194 2980 bonum
1216 2925 1381 3001 pastorem,
1405 2912 1456 2978 vel
1470 2912 1632 3012 praelatum

447 3000 571 3150 populis
587 3001 746 3079 idoneum,
760 3001 813 3066 vel
827 3025 1002 3089 praeconem
1017 3000 1234 3090 evangelicum
1248 3000 1399 3065 [bornum
1413 2998 1576 3065 extrtisse?

508 3101 590 3164 tane,
606 3111 625 3151 o
640 3088 743 3152 audax
755 3088 761 3152 !
783 3089 850 3173 jam
866 3089 937 3152 ante
952 3088 1103 3166 dixeram,
1127 3101 1158 3152 te
1172 3111 1235 3153 uno
1250 3086 1415 3152 mendacio
1429 3085 1490 3151 isto
1504 3109 1568 3151 non
1583 3086 1633 3150 lae-
1678 3159 1679 3168 χ

446 3173 517 3238 sisse
532 3173 612 3238 solos
626 3174 765 3252 Ibernos,
781 3174 836 3239 sed
850 3187 883 3239 et
897 3173 996 3238 varias
1010 3188 1041 3239 te
1063 3173 1237 3261 provincias
1252 3174 1387 3261 Europa
1408 3171 1531 3260 privare
1546 3173 1634 3239 volu·

446 3259 505 3326 isse
521 3259 633 3340 videri,
649 3260 711 3325 suis
725 3261 861 3348 patronis
881 3259 1024 3360 plurimis
1038 3275 1071 3326 et
1084 3260 1269 3371 pastoribus,
1292 3272 1324 3324 et
1344 3259 1534 3347 evangelicis
1555 3284 1632 3347 prae·

447 3345 577 3414 canibus
592 3347 729 3425 Ibernis3
746 3359 777 3413 te
791 3347 893 3412 viden
907 3346 1039 3412 voluisse
1054 3347 1125 3435 plus
1139 3369 1245 3434 sapere
1267 3349 1362 3433 quam
1378 3346 1519 3411 Romana
1533 3346 1634 3412 accle-

446 3433 492 3498 sia
516 3434 551 3498 in
576 3459 631 3500 suo
651 3433 883 3522 martyrologio,
907 3445 939 3498 et
965 3435 1059 3519 quam
1083 3434 1214 3499 aliorum
1230 3433 1366 3521 Europae
1391 3446 1460 3498 tum
1483 3432 1634 3512 historici,

447 3534 515 3585 tum
539 3520 792 3608 sanctilogiorum
808 3523 1007 3608 probatorum
1023 3519 1194 3608 scriptores.
1254 3521 1347 3586 Nosti
1362 3533 1467 3585 autem
1481 3519 1533 3584 vel
1547 3543 1635 3586 nosse

447 3607 591 3687 debebas,
607 3607 756 3696 Gymlde,
773 3607 947 3674 Romanam
961 3608 1132 3685 ecclesiam,
1154 3607 1313 3673 neminem
1326 3607 1507 3695 episcopum
1521 3607 1636 3674 referre

447 3694 481 3758 in
497 3694 603 3761 album
617 3707 802 3771 sanctorum,
819 3719 913 3780 quem
927 3718 990 3759 non
1006 3695 1107 3760 credit
1120 3694 1214 3760 fuisse
1229 3707 1384 3782 pastorem
1404 3697 1522 3762 bonum
1536 3706 1569 3760 et
1588 3694 1635 3759 sui

448 3781 543 3846 officii
558 3779 747 3848 studiosum?
785 3783 838 3847 En
852 3781 911 3848 tibi
926 3795 1031 3847 tamen
1044 3780 1172 3848 nomina
1185 3781 1408 3847 novemdccem
1420 3781 1635 3881 episcoporum

449 3868 643 3948 Ibemorum,
655 3893 732 3954 quos
746 3869 801 3934 illa
816 3868 900 3946 colit,
913 3881 945 3933 et
958 3868 992 3933 in
1003 3868 1140 3934 ecclesiis
1154 3867 1294 3934 omnium
1305 3869 1547 3957 provinciarum,
1562 3870 1637 3934 clim

448 3954 644 4021 celebrantur
658 3956 760 4021 officia
775 3954 892 4032 divina,
914 3953 1085 4020 honorificis
1100 3979 1136 4021 ac
1157 3955 1213 4020 reli
1239 3955 1302 4020 'osa
1324 3954 1477 4020 nominari
1498 3955 1635 4021 mandat.

448 4040 571 4106 Omitto
593 4065 709 4108 nomen
725 4043 757 4108 S.
774 4041 898 4108 Patritii
913 4042 1096 4110 Ibemorum
1119 3980 1250 4142 apostoii
1273 4041 1313 4106 ad
1336 4044 1376 4106 17
1393 4041 1518 4107 Martii:
1540 4043 1636 4108 venio

444 4127 489 4192 'ad
504 4127 596 4206 alios;
621 4128 662 4193 ad
678 4131 718 4197 18
733 4128 842 4195 Martii
858 4143 890 4194 et
907 4131 946 4194 18
961 4129 1115 4195 Novemb.
1131 4153 1165 4194 ιιι
1181 4128 1323 4194 Romano
1338 4127 1369 4194 le
1393 4128 1455 4194 itur
1469 4151 1585 4194 nomen
1602 4128 1633 4194 S,

449 4213 638 4301 Frigidiani,
664 4215 801 4304 episcopi
829 4229 861 4281 et
883 4215 1006 4303 patroni
1032 4215 1239 4282 Luccensium
1264 4215 1298 4280 in
1327 4153 1431 4293 Itaiia,
1457 4215 1497 4280 de
1521 4239 1584 4299 quo
1601 4214 1634 4281 S.

448 4299 619 4388 Gregorius
633 4302 771 4389 Magnus
784 4307 871 4386 (ante
883 4303 971 4389 cujus
982 4303 1169 4367 creationem
1183 4302 1217 4366 in
1255 4301 1414 4367 ontificem
1424 4301 1485 4366 fuit
1499 4301 1635 4388 Frigidi-

448 4411 508 4454 nus
518 4391 671 4474 mortuus)
686 4413 757 4454 cum
768 4388 860 4455 laude
869 4389 1018 4459 miracula
1027 4390 1121 4454 refert
1128 4389 1214 4454 liat
1259 4389 1351 4476 ialog.
1361 4411 1420 4475 cap
1439 4391 1476 4454 9:
1491 4387 1551 4452 fuit
1563 4389 1635 4453 verb

479 4627 491 4652 ⁸
510 4627 561 4690 Qui
572 4628 652 4680 etlam
662 4633 721 4694 post
731 4633 835 4694 patrata
844 4628 970 4680 miracula
980 4627 1101 4680 interfuit
1111 4628 1219 4679 concilio
1230 4625 1386 4678 oecumenico
1397 4625 1574 4686 Lateranensi,
1588 4625 1637 4675 sub

448 4691 597 4819 sspipppdm
609 4693 671 4756 111..
690 4710 768 4760 aquo
787 4705 814 4754 et
831 4693 935 4747 habitus
952 4695 980 4746 in
992 4708 1085 4758 magno
1096 4694 1200 4754 honore,
1222 4699 1253 4743 ut
1265 4693 1293 4742 in
1309 4691 1367 4754 ejus
1378 4691 1432 4742 vitat
1449 4691 1519 4756 apud
1532 4691 1638 4742 Suriam

609 5595 697 5651 1,-

0 5817 448 6054 m
584 5803 739 6054 ι
844 5927 1867 6054 Ε...
1853 5958 1864 5993 ⁸
