3772 6008
263 831 340 880 car.
357 815 436 904 vm]
625 834 805 884 Arctoum
821 835 890 884 rso
906 835 1090 882 munuum.
1407 824 1448 888 85

265 986 426 1054 Ciceronis
451 987 581 1069 ethnici,
612 989 667 1076 qui
691 990 746 1056 lib.
768 990 904 1079 rupis.
925 992 977 1071 12,
1003 991 1048 1058 its
1070 990 1192 1058 scribit:
1225 1000 1244 1032 ‘¹
1259 990 1372 1060 Corum
1398 1018 1449 1061 me

184 1135 189 1146 ,
262 1087 368 1140 tecum
390 1076 499 1141 ecdem
522 1075 588 1142 baec
610 1101 702 1165 egere
727 1077 808 1165 saepe
833 1090 997 1144 conantem
1021 1077 1174 1144 deterruit
1198 1078 1300 1166 pudor
1322 1079 1450 1166 quidem

262 1163 344 1249 pene
365 1160 565 1240 subrusticus,
588 1187 657 1249 quae
679 1187 763 1230 nunc
793 1187 976 1252 expromam
999 1166 1108 1231 absens
1130 1165 1293 1244 audacium
1320 1167 1452 1260 epistole

263 1249 348 1314 enim
362 1273 426 1314 non
440 1249 610 1330 erubescit;
626 1249 719 1316 ardeo
733 1250 905 1338 cupiditate
918 1250 1106 1329 incredibili,
1117 1274 1158 1316 ne
1181 1275 1231 1330 ue,
1246 1264 1282 1317 ut
1295 1275 1355 1341 ego
1370 1255 1450 1322 arbi·

262 1347 336 1414 tror,
362 1336 627 1424 reprehendenda,
652 1360 767 1403 nomen
781 1349 818 1402 ut
838 1349 977 1404 nostrum
998 1337 1118 1428 scriptis
1141 1338 1148 1352 '
1175 1350 1310 1404 ustretur
1324 1351 1356 1404 et
1369 1339 1449 1406 cele·

264 1424 372 1489 bretur
385 1422 456 1488 tuis.
501 1421 595 1503 Quod
610 1423 682 1490 etsi
697 1423 776 1488 mihi
790 1424 870 1512 saepe
885 1423 1021 1490 ostendis
1036 1437 1067 1492 te
1078 1447 1143 1490 esse
1158 1424 1323 1504 facturum,
1346 1438 1451 1493 temen

263 1508 415 1596 ignoscas,
444 1509 550 1589 velim,
579 1509 654 1576 huic
674 1509 865 1576 festinationi
886 1534 973 1576 meoe.
1031 1510 1139 1580 Genus
1162 1511 1246 1577 enim
1267 1511 1452 1601 scriptorum

264 1607 399 1674 tuorum,
416 1596 473 1662 etsi
488 1608 554 1662 erat
567 1620 689 1686 semper
703 1621 721 1662 a
735 1621 786 1662 me
800 1597 1003 1664 vehementer
1021 1610 1232 1686 expectatum,
1255 1609 1360 1664 tamen
1373 1599 1452 1667 vicit

265 1681 446 1770 opinionem
470 1705 583 1762 meam,
606 1707 720 1770 meque
734 1683 779 1750 its
792 1683 942 1764 incendit,
963 1697 1000 1749 ut
1014 1707 1160 1774 cuperem
1182 1685 1277 1770 qubrn
1291 1685 1452 1752 celerrimo

264 1792 313 1834 res
333 1781 451 1835 nostrus
472 1772 682 1836 monumentis
705 1771 921 1837 commendare
944 1771 1013 1836 tuis
1072 1769 1145 1836 Non
1166 1771 1251 1837 enirn
1276 1795 1327 1838 me
1350 1772 1453 1840 sollum

265 1857 517 1924 commemoratio
539 1856 727 1945 posteritatis
749 1856 789 1922 ad
810 1880 896 1945 spem
918 1857 1085 1958 puamdsm
1106 1857 1347 1924 immortalitatis
1359 1859 1452 1958 rupit,

266 1941 321 2008 se'd
335 1943 430 2009 etiam
443 1943 499 2010 illa
513 1943 687 2023 auctoritas,
701 1955 739 2009 ut
751 1943 804 2009 vel
818 1957 1000 2010 auctontate
1014 1944 1062 2009 tui
1076 1942 1246 2010 testimonii
1260 1944 1312 2010 vel
1329 1945 1453 2032 juducio

266 2030 503 2110 benevolentior,
518 2029 571 2096 vel
584 2031 736 2096 suavitate
750 2029 882 2119 ingenii,
904 2031 972 2096 vivi
985 2031 1189 2119 perfruamur,
1205 2044 1271 2110 etc;
1293 2055 1395 2118 neque
1409 2045 1455 2099 ta·

266 2139 340 2181 men
353 2116 463 2204 ignoro
473 2117 573 2203 'qulam
587 2117 785 2206 impudenter
799 2116 920 2198 fecium,
936 2117 991 2203 qui
1005 2117 1142 2268 primum
1156 2116 1216 2184 tibi
1229 2129 1353 2184 tantum
1367 2118 1455 2186 oneri

265 2201 434 2291 imponam,
457 2203 572 2269 deinde
587 2203 682 2270 etism
696 2217 733 2270 ut
747 2227 836 2270 ornes
849 2225 900 2270 me
914 2215 1006 2292 postu
1019 2227 1080 2284 em,
1103 2216 1181 2282 etc.;
1203 2203 1259 2270 sed
1279 2217 1385 2271 tamen
1399 2206 1455 2293 qui

266 2291 363 2356 semel
376 2289 573 2358 verecundie
587 2291 664 2357 fines
686 2291 833 2371 transirit,
855 2315 929 2357 eum
949 2291 1031 2358 bene
1052 2303 1085 2356 et
1105 2289 1226 2356 naviter
1248 2305 1369 2380 oportet
1389 2316 1454 2358 esse

266 2376 493 2464 impudentem.
538 2376 649 2464 Itaque
663 2389 695 2443 te
716 2377 809 2466 plene
824 2378 918 2444 etium
932 2390 1027 2464 atque
1049 2376 1144 2443 etism
1158 2401 1245 2466 rogo,
1265 2391 1302 2442 ut
1316 2402 1404 2445 ornes
1418 2403 1456 2444 es

269 2464 354 2552 (mea
367 2477 464 2552 gestu,
485 2466 625 2564 scripta,)
649 2464 867 2531 vehementius
881 2464 976 2534 etiam
997 2465 1091 2550 qubm
1106 2463 1231 2530 fortusse
1245 2465 1350 2545 sentis,
1376 2479 1408 2532 et
1421 2465 1456 2530 in

267 2574 315 2630 eo,
341 2550 371 2616 le
394 2574 426 2616 es
449 2550 584 2616 historus
597 2551 739 2639 negligas
754 2551 912 2638 amorique
926 2562 1031 2617 nostro
1052 2551 1230 2638 plusculum
1244 2551 1339 2617 etism
1361 2553 1457 2638 quam

267 2660 363 2703 conce
388 2637 412 2703 't
426 2638 549 2716 veritas,
564 2637 705 2726 largiare,
720 2651 796 2704 etc.;
819 2637 914 2725 quod,
934 2637 961 2703 si
976 2661 995 2702 e
1008 2649 1039 2703 te
1053 2659 1118 2702 non
1131 2636 1275 2726 impetro,
1290 2661 1384 2726 cogar
1397 2639 1456 2703 for·

266 2737 345 2790 tasse
359 2723 459 2790 facere
481 2725 566 2811 quod
587 2725 730 2791 nonnulli
744 2749 824 2813 saepe
838 2723 1079 2812 reprehendunt,
1101 2723 1233 2790 scribom
1252 2723 1318 2812 ipse
1340 2725 1380 2791 de
1394 2749 1455 2804 me,

267 2809 437 2878 multorum
461 2823 567 2877 tsmen
588 2812 735 2900 exemplo
756 2824 789 2877 et
809 2812 962 2878 clarorum
987 2810 1135 2888 virorum,
1157 2810 1212 2876 sed
1233 2811 1318 2896 quod
1339 2834 1403 2877 non
1423 2823 1456 2878 te

267 2897 359 2985 fugit,
384 2897 452 2964 haec
466 2911 539 2963 sunt
559 2897 594 2963 in
614 2898 675 2964 hoc
697 2921 810 2986 genere
825 2897 912 2976 vitia,
934 2909 972 2962 ut
985 2895 1154 2964 verecundi
1176 2895 1237 2985 ipsi
1252 2896 1292 2962 de
1306 2921 1372 2964 sese
1387 2898 1459 2970 seri,

268 2984 347 3050 bont
360 3008 484 3051 necesse
498 2997 554 3063 est,
569 2984 595 3050 si
610 2986 697 3071 quod
710 2998 757 3050 est
770 2984 979 3062 laudandum,
995 2995 1226 3136 etdp>raetereunt
1239 2981 1265 3048 si
1281 2985 1366 3070 quod
1379 2984 1458 3052 forte

269 3083 316 3138 est
339 3071 640 3160 reprehendendum.
684 3071 821 3138 Accedit
843 3071 938 3136 etium
961 3071 1024 3157 qud
1067 3069 1170 3134 minor
1191 3069 1231 3135 sit
1245 3067 1333 3150 fides,
1355 3071 1457 3138 minor

270 3161 443 3238 auctoritas,
468 3159 562 3224 multi
586 3159 722 3245 denique
747 3158 995 3258 reprehendent,
1021 3169 1054 3224 et
1075 3156 1191 3235 dicent,
1220 3159 1458 3226 verecundiores

268 3268 334 3310 esse
348 3267 503 3333 praecones
517 3245 662 3311 ludorum
676 3268 905 3334 gymmcorum,
927 3244 981 3331 qui
996 3245 1069 3310 clun
1084 3243 1202 3310 caeteris
1215 3267 1343 3310 coronas
1357 3244 1457 3345 impo-

267 3331 386 3398 suerint
406 3332 586 3411 rictoribus,
616 3355 786 3418 eorumque
810 3331 938 3397 nomine
964 3331 1080 3420 magni
1107 3353 1185 3396 voce
1214 3329 1455 3419 pronuntiarunt,

267 3419 340 3484 cinn
355 3417 415 3506 ipsi
430 3431 502 3485 ante
515 3419 661 3486 ludorum
674 3418 861 3497 missionem,
873 3422 988 3485 coronb
997 3418 1161 3497 donentur,
1174 3416 1270 3482 alium
1303 3441 1455 3486 raeconem

268 3504 447 3585 adhibeant,
469 3529 509 3572 ne
522 3509 579 3572 sut
592 3530 671 3573 voce
685 3505 745 3595 ipsi
760 3529 792 3571 se
806 3505 939 3571 victores
953 3527 1016 3570 esse
1038 3503 1217 3658 predicent.
1297 3528 1342 3570 rec
1355 3504 1454 3572 vitare

267 3591 420 3679 cupimus,
445 3592 517 3659 etsi
532 3592 644 3682 recipis
668 3605 804 3658 nostram
825 3615 959 3670 causam,
981 3590 1048 3656 vita
1069 3591 1159 3669 imus,
1182 3591 1279 3677 idque
1301 3603 1338 3656 ut
1362 3592 1456 3658 facies

266 3699 421 3766 rogemus,
436 3693 494 3746 etc.
538 3679 599 3745 Illa
611 3703 668 3746 nos
682 3679 836 3768 cupiditas
845 3678 995 3757 incendit,
1011 3678 1051 3744 de
1065 3682 1127 3765 qut
1140 3676 1233 3744 initio
1246 3676 1363 3766 scripsi,
1374 3679 1456 3744 festi·

266 3763 411 3846 nationis,
433 3767 519 3853 qubd
538 3765 653 3832 alacres
670 3767 775 3833 auimo
789 3789 905 3844 sumus,
929 3778 961 3831 et
974 3777 1011 3830 ut
1025 3763 1129 3830 caeteri
1151 3762 1331 3830 viventibus
1352 3765 1453 3846 nobis,

268 3875 311 3917 ex
324 3852 412 3920 libris
434 3853 496 3920 tuis
516 3877 567 3920 me
582 3865 778 3941 cognoscunt,
805 3866 838 3920 et
851 3850 1034 3938 nosmetipsi
1043 3851 1110 3916 vivi
1123 3849 1257 3939 gloriolb
1271 3855 1374 3916 nostrl
1388 3876 1456 3952 per-

266 3937 429 4006 fruamur.”
472 3940 552 4006 Haec
578 3940 706 4018 Cicero;
728 3939 781 4006 cui
803 3939 837 4006 in
863 3961 901 4005 eo
917 3937 1114 4007 cambrensis
1139 3960 1203 4002 esse
1218 3936 1344 4002 videtur
1366 3937 1455 4006 drssi·

266 4025 359 4105 milis,
374 4026 460 4113 qubd
474 4027 528 4096 ille
542 4027 663 4107 vivens,
685 4039 718 4094 et
731 4026 798 4092 vite
811 4027 945 4105 functus,
967 4049 1055 4092 vsnae
1077 4025 1184 4112 gloriae
1198 4035 1231 4088 et
1251 4021 1351 4090 inanis
1364 4022 1455 4094 farnae

266 4135 306 4178 cu
328 4113 401 4179 ierit
413 4137 477 4180 non
490 4138 554 4180 esse
569 4137 698 4203 expers3
721 4125 753 4178 st
766 4113 834 4192 iste,
849 4113 900 4178 sii
923 4112 949 4179 si
970 4111 1139 4179 credimus:
1161 4119 1181 4151 ‘⁶
1194 4109 1327 4198 egregiae
1342 4113 1456 4180 mentis

266 4197 300 4264 in
323 4199 384 4266 'cio
397 4201 437 4266 ad
451 4201 486 4266 id
500 4201 629 4268 enititur
642 4201 809 4278 elaborare,
853 4137 922 4265 uod
931 4199 992 4265 sibi
1006 4198 1160 4264 invidiam
1173 4197 1208 4262 in
1222 4196 1298 4276 virs,
1321 4198 1455 4286 gloriam

266 4299 337 4374 post
350 4287 413 4354 feta
426 4301 594 4377 comparet,
609 4301 643 4355 et
655 4287 814 4376 perpetuis
828 4223 918 4352 bins
935 4285 1043 4364 titulis,
1065 4284 1167 4352 laudis
1188 4283 1306 4350 honore
1321 4283 1456 4353 celebre-

267 4385 318 4438 tur
325 4374 349 4439 :'’
363 4373 505 4475 quamvis
517 4375 610 4441 etiam
623 4373 821 4441 Csmbrensis
835 4373 870 4438 in
884 4397 922 4439 eo
936 4376 1094 4460 supertsse
1105 4369 1289 4438 Ciceronem
1300 4371 1455 4453 videatur,

267 4460 353 4545 quod
366 4475 424 4528 rste
447 4461 567 4549 pudore
591 4461 777 4550 prohibitus,
802 4458 930 4526 omnino
943 4459 1090 4538 renuerit,
1105 4457 1165 4532 nisi
1179 4457 1220 4523 ud
1233 4457 1267 4524 id
1282 4473 1455 4546 cogeretur,

266 4569 390 4613 suarum
405 4549 533 4615 laudum
549 4572 615 4615 esse
651 4572 740 4628 raeco,
756 4559 811 4614 sut
825 4546 985 4626 librorum,
997 4545 1049 4612 vel
1063 4558 1231 4634 gestorum,
1245 4543 1310 4612 sive
1325 4544 1455 4614 aliamm

265 4655 369 4699 rerum
384 4659 509 4702 suarum
523 4573 756 4724 depraedicstor,
771 4647 826 4701 aut
836 4633 925 4702 fomae
935 4633 1110 4722 posthume
1121 4631 1308 4730 postulator;
1320 4644 1352 4696 at
1363 4632 1455 4699 Cem-

265 4720 322 4786 ber
335 4721 428 4804 ultro,
444 4724 568 4789 nemine
583 4734 726 4811 cogente,
742 4733 859 4800 contra,
874 4733 968 4788 uter
982 4719 1087 4786 verbis
1100 4720 1112 4785 i
1135 4719 1198 4786 sius
1212 4718 1348 4784 recrtatis
1362 4744 1402 4808 ap
1425 4745 1454 4786 a·

266 4819 322 4886 ret,
349 4810 454 4876 omnia
467 4809 566 4898 egisse
590 4809 673 4876 visus
688 4822 745 4890 est,
772 4809 884 4896 (etex
905 4807 1046 4895 ejusdem
1060 4743 1164 4873 verbis
1186 4802 1265 4882 eliis,
1288 4827 1357 4890 quoe
1379 4745 1455 4874 alibi

265 4895 437 4983 scripserat,
460 4909 587 4964 testatus
609 4898 668 4985 est)
685 4909 721 4962 ut
735 4909 825 4975 etse,
847 4908 879 4962 et
893 4907 995 4964 suaet
1016 4917 1087 4963 suos
1109 4893 1218 4960 efferat
1239 4902 1271 4958 et
1284 4889 1319 4957 in
1340 4894 1454 4961 coelum
