3736 6054
417 773 459 838 28
776 788 957 836 aroucam
979 789 1050 836 rso
1073 787 1259 836 arastum.
1452 773 1543 862 [car.
1559 793 1609 839 1v.

416 945 505 1010 Inter
513 943 627 1008 multos
636 967 714 1028 quos
722 943 848 1008 miserat
856 943 992 1024 Ibcmia,
1002 957 1122 1010 sanctos
1130 944 1164 1008 in
1174 944 1376 1012 Germaniam
1387 945 1611 1033 praedicatores,

417 1031 539 1119 viginta
563 1030 634 1108 duo,
662 1053 722 1130 ego
739 1029 809 1116 (qui
832 1031 982 1118 plurimos
1006 1031 1081 1096 alios
1103 1032 1230 1120 ignoro)
1257 1033 1421 1097 numeravi
1442 1033 1613 1122 episcopos,

417 1141 510 1206 supra
524 1117 754 1204 quinquaginta
768 1130 951 1183 autem-non
965 1117 1136 1206 episcopos,
1151 1131 1185 1187 ¹ct
1205 1143 1283 1204 quos
1304 1119 1339 1183 in
1360 1118 1498 1186 Galliam
1520 1121 1614 1186 desti-

417 1204 506 1270 navit
528 1216 649 1270 sanctos
674 1227 841 1291 praecones,
868 1205 1039 1292 episcopos,
1055 1206 1120 1270 scio
1145 1205 1239 1271 fuisse
1264 1206 1373 1271 saltem
1395 1219 1526 1295 septem,
1548 1231 1613 1274 non

417 1291 577 1390 episcopos
602 1289 696 1377 triplo
720 1290 825 1378 plnres
855 1304 887 1356 et
915 1291 1058 1378 amplihs.
1102 1293 1189 1373 Quos
1217 1292 1252 1356 in
1275 1292 1423 1380 Belgium
1453 1295 1557 1393 episoo
1580 1319 1614 1360 os

416 1375 575 1456 undeorm',
590 1400 653 1441 non
668 1377 828 1464 episcopos
843 1401 999 1466 praecones
1021 1379 1121 1444 multb
1143 1379 1256 1467 plures.
1302 1379 1388 1459 Quos
1409 1379 1498 1445 dedit
1511 1319 1612 1446 Italia

417 1464 527 1529 saltem
541 1487 598 1528 aex
613 1463 785 1551 episcopos,
801 1477 833 1529 et
847 1463 979 1530 totidem
994 1465 1169 1531 nominatos
1183 1487 1341 1552 praecones
1355 1489 1420 1530 non
1441 1466 1611 1566 episcopos
1675 1481 1681 1492 ·

419 1551 507 1631 Quos
530 1549 652 1638 Anglia
674 1551 783 1616 saltem
810 1551 972 1652 episcopos
995 1565 1116 1618 sanctos
1144 1552 1322 1631 duodecim,
1352 1553 1429 1618 alios
1458 1553 1614 1620 rnferioris

419 1637 581 1724 dignitatis
605 1637 820 1724 praedicatores
846 1651 1021 1704 nominatos
1044 1663 1136 1727 supra
1161 1638 1287 1738 viginti.
1337 1640 1424 1720 Quos
1448 1641 1614 1707 recentiori

419 1723 485 1788 sive
500 1723 598 1789 Novae
615 1723 738 1803 Scotiae‚
755 1749 824 1810 quae
843 1725 882 1790 ad
898 1725 1075 1810 aquilonem
1102 1725 1232 1814 Anghae
1247 1725 1306 1790 sita
1329 1739 1385 1804 est,
1411 1749 1552 1806 numero,
1578 1740 1615 1793 ut

418 1810 586 1876 minimirm
600 1810 717 1898 viginti
731 1827 861 1899 septem,
883 1811 998 1899 partim
1021 1811 1193 1900 episcopor,
1216 1811 1330 1912 partim
1346 1812 1423 1878 alios
1439 1813 1614 1880 animarum

443 1910 555 1962 astores
567 1912 694 1963 sanctos.
726 1899 814 1979 Quos
825 1899 943 1964 mundo
958 1922 1021 1964 non
1038 1901 1158 1964 tantiam
1174 1898 1284 1966 edidit.
1296 1900 1351 1965 sed
1365 1914 1398 1965 et
1409 1900 1475 1966 vitt
1490 1902 1614 1968 mortali

419 1921 552 2063 hinctos,
589 1985 756 2072 sepulturae
793 1985 910 2050 honore
939 1985 1042 2050 voluit
1067 1987 1193 2052 Ibernio
1222 1987 1353 2051 afficere.
1398 2001 1519 2054 sanctos
1548 1989 1612 2056 Dei

419 2094 586 2159 praecones,
611 2071 752 2136 recensui
777 2071 817 2136 ad
840 2071 1069 2159 quinquaginta
1094 2073 1198 2168 episco
1240 2097 1264 2150 a,
1291 2072 1389 2161 duplo
1418 2074 1522 2163 plures
1550 2099 1615 2141 non

420 2157 590 2247 episcopos,
602 2170 717 2256 praeter
737 2157 899 2245 ingentem
921 2159 1157 2225 multitudinem
1180 2097 1322 2237 alibrum,
1346 2159 1401 2247 qui
1424 2161 1464 2226 de
1485 2162 1614 2227 nominc

420 2257 491 2308 sunt
505 2243 585 2308 mihi
600 2244 712 2332 rgnoti.
735 2244 848 2330 Neque
862 2258 909 2310 est
924 2245 1009 2331 qubd
1025 2245 1193 2334 Gyraldus,
1204 2259 1257 2312 aut
1268 2246 1347 2311 alius
1361 2247 1442 2312 male
1459 2249 1615 2329 credulus,

420 2330 540 2396 nullam
555 2331 607 2396 vel
630 2331 749 2395 tardem
772 2331 868 2396 fidam
890 2331 975 2396 hisce
998 2355 1115 2410 revera,
1138 2332 1171 2397 in
1193 2357 1225 2398 se
1247 2334 1368 2422 magnis
1389 2335 1616 2402 narrationibus

421 2417 645 2496 accommodet,
676 2431 819 2482 testante·
838 2423 946 2518 poetrt:
981 2417 1118 2484 “Tarda
1144 2420 1222 2485 solet
1247 2421 1369 2508 magnis
1397 2423 1490 2486 rebus
1515 2421 1614 2489 inesse

419 2504 523 2582 fides‚”
538 2503 585 2570 ita'
605 2518 660 2582 est,
684 2529 799 2592 magno
820 2505 881 2569 mai
903 2517 982 2570 teste
1003 2508 1174 2593 probentur
1195 2520 1250 2572 aut
1271 2509 1462 2596 argumentis
1485 2510 1614 2597 magnis

422 2592 565 2672 Quorum
587 2590 701 2677 aliqua,
718 2605 750 2656 ct
776 2591 975 2670 validissima,
991 2616 1060 2678 quae
1082 2593 1135 2658 vel
1158 2595 1196 2658 ab
1218 2593 1310 2659 initio
1333 2617 1488 2660 assensum
1510 2609 1614 2661 extor-

422 2691 539 2765 queant
554 2678 593 2742 ad
604 2677 762 2766 specimen
777 2677 913 2756 afferam,
929 2679 983 2743 sed
997 2704 1105 2766 pauca,
1124 2681 1179 2766 (ne
1191 2680 1249 2746 sim
1261 2680 1369 2768 taedio)
1380 2706 1436 2769 pro
1451 2683 1496 2746 rei
1512 2683 1614 2770 digni·

421 2779 485 2830 tate
508 2777 540 2830 et
561 2789 618 2853 pro
650 2759 653 2766 ’
696 2765 792 2830 vitato
813 2765 977 2831 calumniae
1000 2766 1207 2832 Cambrensis.
1261 2767 1347 2832 Sileo
1370 2769 1422 2834 vel
1443 2768 1518 2834 inde
1545 2793 1615 2856 qnae

421 2851 527 2930 retuli,
550 2789 724 2940 probabilia
737 2852 849 2930 videri,
865 2853 951 2938 qubd
973 2853 1145 2919 universim
1168 2867 1259 2920 antea
1281 2854 1457 2920 audivimus
1480 2855 1517 2919 Β.
1541 2856 1617 2922 Ber-

341 2959 350 2976 ·
421 2939 556 3004 nardum
571 2939 641 3003 “de
656 2939 763 3005 multis
784 2937 847 3005 illis
869 2954 1046 3006 sanctorum
1067 2940 1216 3018 millibus,
1239 2941 1437 3008 examinibus
1459 2955 1492 3006 et
1512 2942 1618 3008 multi·

422 3025 533 3089 tudine
555 3026 704 3104 maxima,
741 3047 811 3112 quae
833 3025 920 3114 quasi
942 3028 1148 3092 inundatione
1169 3027 1251 3093 sacta
1272 3051 1338 3093 sese
1360 3029 1540 3094 effuderunt
1560 3053 1617 3118 per

422 3125 470 3176 tot
492 3111 629 3198 Europae
650 3112 825 3210 provincias
847 3115 996 3192 exteras,”
1017 3139 1093 3200 quas
1115 3127 1254 3180 recenset
1274 3114 1325 3180 vir
1338 3129 1469 3181 sanctus.
1511 3115 1617 3182 Taceo

423 3220 492 3282 quaa
508 3197 645 3260 vidimus
658 3221 691 3260 rn
708 3197 844 3262 Mariani
859 3200 1006 3266 chronico
1022 3213 1054 3266 et
1068 3201 1284 3289 descripsimus
1307 3203 1390 3280 ante,
1411 3215 1450 3267 ut
1470 3215 1503 3267 et
1523 3227 1616 3292 gone-

422 3283 499 3347 ralia
514 3283 610 3347 Bedae
624 3283 818 3362 testimonia;
841 3301 990 3372 praetereo
1005 3286 1191 3352 universalia
1205 3289 1301 3354 verba
1315 3288 1379 3366 illa,
1395 3313 1465 3374 qnae
1487 3313 1530 3356 cx
1552 3291 1615 3356 lide

445 3369 523 3435 risct
545 3381 577 3434 ct
598 3368 657 3434 acri
681 3369 721 3434 tis
743 3369 946 3458 descripserat
968 3372 1085 3438 Lucius
1105 3373 1140 3438 in
1162 3375 1228 3444 via
1256 3375 1288 3442 S.
1311 3375 1452 3442 Wironis
1478 3375 1616 3466 episcopi

422 3393 541 3534 lbcrni,
554 3456 593 3522 ad
606 3458 625 3522 8
638 3393 728 3534 titii,
743 3456 897 3556 inquiens,
914 3468 933 3497 “
950 3455 1055 3524 Scotia
1071 3459 1125 3546 (de
1140 3462 1249 3542 veteri,
1262 3485 1331 3548 quae
1347 3476 1379 3528 et
1389 3463 1516 3528 Ibernia
1526 3487 1617 3530 voca·

422 3557 484 3622 tur,
511 3556 557 3609 est
581 3543 695 3630 sermo)
724 3543 834 3609 fertilis
859 3559 1035 3610 sanctorum
1058 3547 1170 3626 insula,
1204 3562 1237 3613 et
1268 3549 1426 3614 stellarum
1450 3573 1616 3616 numerum

445 3633 520 3718 rope
550 3655 675 3717 aequana
701 3630 881 3719 patrociniis
910 3647 1085 3698 sanctorum
1114 3633 1263 3713 virorum,
1293 3637 1440 3723 producit
1474 3649 1617 3702 sanctum

423 3655 589 3783 lVironem
598 3719 622 3796 ;”
628 3718 867 3806 cujusmeminit
873 3719 1050 3785 Romanum
1058 3720 1302 3810 Sanctilogium:
1318 3747 1421 3810 neque
1427 3723 1617 3790 immorabor

423 3804 457 3868 in
473 3805 578 3870 verbis
594 3805 727 3870 chrici
749 3805 992 3873 Huntitoncnsis
1015 3807 1183 3896 (notissimi
1207 3809 1364 3898 Gyraldo)
1387 3809 1442 3875 lib.
1468 3813 1484 3875 1
1508 3810 1615 3876 histor.

422 3890 524 3957 multb
540 3893 611 3957 anth
630 3891 849 3970 medinm,ubi
870 3893 904 3958 in
926 3895 1132 3983 descriptione
1155 3895 1289 3961 Iberniae
1311 3896 1420 3962 insulae
1444 3899 1511 3962 haec
1534 3898 1617 3963 inter

424 3978 485 4043 alia
499 3978 559 4043 ait:
582 3978 747 4044 “mirabili
763 3979 846 4044 dono
861 3980 949 4047 Deus
964 3981 1045 4047 hanc
1065 3981 1179 4048 ditavit
1199 3982 1344 4061 insulam,
1367 3985 1616 4050 multitudinem·

425 4076 677 4151 quesanctorum
692 4065 732 4130 ad
747 4066 814 4151 ejus
829 4067 993 4133 tuitionem
1008 4068 1042 4133 in
1057 4075 1094 4134 et
1109 4069 1297 4148 constituit‚”
1318 4084 1377 4136 etc.
1422 4071 1495 4136 Non
1509 4071 1617 4137 multis

423 4152 673 4234 commemorabo
683 4152 896 4218 testimonium
906 4155 1059 4221 Gulielmi
1075 4156 1228 4221 Oamdeni
1246 4156 1357 4257 (hostis
1373 4157 1513 4245 alioquin
1528 4159 1615 4225 Iber·

424 4261 536 4303 norum
552 4250 584 4302 et
599 4239 791 4304 admiratoris
806 4239 955 4330 Gyraldi)
972 4242 1075 4329 quiin
1099 4247 1154 4309 sut
1177 4253 1196 4282 “
1209 4243 1399 4323 Britannit‚”
1422 4245 1554 4332 loquens
1574 4245 1615 4311 de

423 4323 550 4390 Ibernia
561 4324 621 4390 ait:
638 4325 1394 4418 “S.PatritiusaCoelestinopapttantosuccessu
1405 4331 1615 4398 Christianam
1635 4388 1641 4401 .

389 4432 393 4440 ·
422 4411 608 4499 religionem
634 4436 690 4500 per
716 4412 875 4479 Iberniam
899 4415 1096 4515 propagavit,
1123 4429 1159 4480 ut
1184 4417 1279 4504 longe
1304 4419 1476 4483 maximam
1505 4419 1614 4484 insulae

422 4511 544 4588 partem
573 4498 614 4564 ad
643 4499 805 4564 Christum
835 4515 1032 4581 convertent,
1063 4515 1095 4567 ct
1123 4502 1308 4569 Ibernorum
1338 4504 1470 4592 apostoli
1498 4529 1614 4571 nomen

422 4585 548 4665 menrit,
564 4598 597 4650 et
610 4586 678 4672 ejus
692 4587 771 4650 tanti
793 4609 970 4674 progressus
994 4589 1028 4653 in
1048 4613 1082 4654 re
1105 4589 1283 4656 Christiana
1303 4591 1429 4669 merim,
1452 4605 1489 4656 ut
1509 4593 1614 4658 subsc-

423 4671 533 4762 quenti
545 4685 635 4738 aetate
646 4673 744 4758 (audi,
755 4673 907 4772 Gyralde,
923 4674 978 4760 qui
993 4675 1191 4763 contradicis)
1211 4677 1342 4744 Scoticis
1352 4678 1523 4755 monachis,
1533 4677 1614 4744 nihil

423 4760 568 4839 sanctius,
584 4759 665 4825 nihil
680 4759 831 4825 eruditius
844 4759 948 4838 fuerit,
971 4761 1058 4827 etin
1080 4763 1257 4829 universam
1280 4766 1441 4854 Europam
1463 4765 1613 4830 sanctissi-

422 4871 546 4916 momm
561 4849 699 4916 virorum
715 4847 862 4915 examina
877 4847 1045 4931 emiserint,
1062 4850 1176 4938 quibus
1192 4851 1304 4933 Fulda,
1321 4850 1509 4931 Germania,
1535 4852 1611 4918 San·
