3772 6008
272 820 349 868 car.
365 809 444 890 vm]
620 817 800 882 aroucam
822 821 893 874 rao
915 821 1102 869 umanum.
1417 807 1459 872 89

159 1027 161 1032 .
270 975 381 1042 modus
395 973 430 1040 in
444 972 588 1040 omnibus
610 998 730 1042 servare
744 976 885 1056 modum,
906 988 944 1047 ut
956 976 1042 1042 credi
1056 969 1152 1065 pobsit
1165 977 1290 1042 suarum
1311 978 1460 1065 partium,

269 1062 380 1148 suique
406 1059 554 1144 temporis
576 1073 641 1126 tam
664 1086 795 1130 censura
808 1087 943 1147 morum,
985 1065 1058 1129 utm
1072 1063 1253 1129 facetiarum
1268 1065 1460 1152 exemplum.

270 1149 333 1215 Vir
340 1147 541 1234 breviloquus
556 1159 589 1212 et
602 1172 742 1216 sermone
757 1173 923 1238 perpauco,
1005 1163 1130 1229 ornato;
1143 1163 1230 1239 puta,
1240 1149 1312 1250 plus
1326 1153 1461 1238 pectoris

270 1235 390 1302 habens
405 1236 499 1334 quam
514 1233 584 1314 oris,
598 1236 669 1324 plus
683 1236 809 1303 rationis
823 1237 917 1323 quem
932 1235 1086 1316 orationis,
1108 1236 1351 1325 plussap1entiae
1366 1239 1462 1324 quiam

273 1321 469 1408 eloquentrae,
493 1333 654 1388 ettamen
678 1325 750 1388 cum
776 1347 949 1390 sermonem
971 1347 1020 1390 res
1044 1324 1194 1412 exigebat
1219 1323 1258 1389 ad
1278 1324 1462 1390 seutentiam

274 1408 451 1487 dicendam,
474 1407 518 1474 sic
533 1431 617 1474 serus
630 1409 676 1475 sic
690 1409 919 1476 scientissimus.
963 1409 1072 1476 Rebus
1113 1434 1215 1497 uoque
1230 1409 1265 1475 in
1278 1409 1398 1475 martiis
1412 1413 1462 1476 vir

274 1495 438 1573 animosus,
450 1507 481 1560 et
495 1494 575 1559 nulli
586 1494 649 1561 fere
660 1497 841 1563 strenuitate
851 1496 1012 1563 secundus.
1054 1435 1113 1562 Al
1125 1496 1312 1590 capessenda
1325 1496 1463 1584 pericula

274 1605 333 1648 nec
347 1585 548 1670 impetuosus,
563 1605 622 1647 nec
636 1606 782 1672 praeceps,
797 1584 851 1648 sed
865 1583 947 1650 siout
959 1583 1108 1672 providus
1122 1583 1157 1648 in
1172 1583 1400 1673 aggrediendis,
1418 1584 1463 1650 aio

299 1667 421 1734 ertinax
441 1681 507 1734 erat
519 1667 554 1732 in
576 1669 734 1758 aggressis.
778 1669 842 1736 Vir
862 1670 990 1749 sobrius,
1011 1670 1178 1750 modestus,
1201 1683 1311 1749 1111111,
1332 1669 1462 1750 stabilis,

274 1692 393 1834 brmus,
407 1754 521 1834 fidelis,
535 1754 586 1819 vir
599 1755 726 1842 quidem
742 1779 804 1821 non
819 1780 933 1844 expers
947 1756 1094 1836 criminis,
1110 1756 1240 1822 crimine
1255 1769 1361 1822 tamen
1376 1757 1463 1822 omni

275 1841 408 1908 notabili
422 1865 528 1907 carens
542 1854 574 1907 et
587 1841 733 1906 enormi.”
776 1843 886 1908 Plures
907 1855 976 1909 tuas
997 1867 1078 1933 pane
1124 1867 1171 1909 res
1194 1843 1233 1909 de
1247 1842 1310 1909 tuis
1323 1843 1463 1910 Roberto

276 1928 431 2007 Barrensi,
446 1928 590 2008 Meilero,
606 1928 738 2008 Milone,
750 1927 950 2018 Reymundo,
960 1943 992 1995 et
1006 1929 1084 2008 aliis,
1112 1941 1184 2018 egat
1193 1929 1248 2016 qui
1263 1929 1348 1996 volet
1361 1929 1462 1997 intuo

279 2015 336 2081 lib.
363 2017 393 2094 1,
418 2039 485 2103 cap.
509 2016 1146 2096 19,11,13,13,14,11,111.1,1
1170 2067 1176 2080 .
1200 2019 1231 2094 2,
1247 2018 1278 2094 8,
1294 2018 1325 2096 9,
1342 2018 1394 2096 10,
1412 2018 1461 2082 17.

278 2100 445 2180 Caeterum,
458 2100 488 2167 Ο
499 2101 643 2180 Oamber,
654 2126 717 2168 non
727 2102 898 2170 meministi
906 2104 1073 2169 verborum
1082 2101 1129 2169 tui
1142 2039 1302 2169 8111111111
1313 2102 1368 2189 qui
1380 2103 1463 2170 dico·

277 2188 341 2268 bat,
356 2187 510 2254 minorem
524 2212 588 2254 esse
603 2188 708 2269 fidem,
723 2189 876 2256 minorem
891 2213 956 2256 esse
970 2189 1184 2256 auctoritatem
1200 2213 1308 2256 eorum
1323 2189 1464 2280 quiprae·

276 2299 369 2340 eones
383 2273 464 2340 fiunt
478 2275 606 2340 laudum
620 2299 754 2356 suarum,
769 2289 802 2342 et
816 2299 950 2342 suorum.

320 2361 433 2448 Neque
447 2363 520 2429 oum
534 2385 706 2452 panegyres
721 2363 792 2429 istas
806 2363 970 2442 scribebas,
981 2361 1173 2452 praevidebas
1186 2361 1259 2428 ideo
1273 2363 1356 2429 inter
1368 2364 1465 2452 pluri-

276 2471 342 2514 mas
357 2472 463 2515 causas
477 2448 561 2529 alias,
572 2463 690 2516 vestros
702 2448 807 2529 libros,
819 2474 837 2516 a
850 2449 1017 2516 lectoribus
1027 2450 1102 2516 olim
1116 2449 1151 2514 in
1161 2450 1271 2516 diebus
1278 2450 1340 2516 tuis
1349 2451 1464 2538 passim

276 2533 451 2616 illaudatos,
467 2548 499 2601 st
512 2548 715 2624 contemptos,
753 2537 854 2617 artim,
869 2537 954 2623 qubd
967 2538 1001 2602 in
1015 2535 1078 2602 illis
1097 2536 1214 2622 ubique
1229 2536 1329 2624 egeris
1350 2560 1464 2625 praeco·

276 2644 350 2687 nem
375 2634 499 2688 tuarum
524 2635 556 2688 et
580 2635 705 2688 tuorum
729 2561 858 2690 laudum
884 2639 977 2710 atque
999 2622 1221 2703 encomiorum,
1247 2622 1360 2712 partim
1379 2624 1464 2710 qubd

278 2709 358 2796 pene
373 2709 493 2776 cunctis
507 2722 660 2776 constaret
674 2733 711 2776 eo
725 2723 875 2799 tempore,
901 2733 978 2797 quos
991 2721 1027 2774 tu
1047 2709 1140 2775 tantis
1161 2731 1250 2797 prose
1271 2709 1354 2774 ueris
1374 2733 1464 2775 enco-

278 2795 358 2875 miis,
373 2819 437 2861 non
451 2797 551 2862 solinn
566 2795 660 2862 fuisse
673 2796 805 2864 rebelles
818 2795 950 2885 imperio
964 2819 1071 2862 severo
1093 2795 1140 2861 sui
1161 2795 1244 2894 regis
1251 2734 1391 2861 11111111
1407 2795 1463 2875 ΙΙ.,

277 2882 332 3032 {plui
347 2882 493 2970 gravibus
507 2883 609 2961 minis,
632 2896 664 2949 11
671 2886 779 3034 poene
799 2882 940 2984 perpetui
955 2881 1046 2948 exilii
1066 2894 1241 2970 proposes,
1262 2881 1465 2969 prohibuerat

314 2991 356 3048 os,
380 2993 420 3036 ne
445 2969 512 3034 vim
535 2969 670 3036 inferrer
707 2969 838 3049 Ibernrs,
864 2981 896 3036 et
916 2981 953 3035 ut
977 2969 1094 3035 eisdem
1116 2967 1331 3058 permitterent
1355 2975 1464 3059 pacate

277 3055 384 3122 vivere
398 3055 433 3121 in
446 3055 579 3146 propriis
591 3056 732 3134 edibus3
754 3057 807 3122 sed
829 3055 923 3122 etiam
945 3057 1105 3122 constabat
1124 3068 1215 3120 tuum
1233 3056 1464 3142 111111ωὸ11-

276 3142 456 3292 phanidem,
480 3143 534 3243 qui
549 3143 668 3232 primus
682 3147 817 3209 vasttrat
831 3142 990 3210 Iberniam
1011 3155 1043 3208 et
1057 3142 1192 3208 duxerat
1212 3141 1370 3210 invasores
1385 3142 1465 3229 ejue

299 3252 360 3308 em,
374 3228 509 3296 vinculis
524 3229 629 3296 feneis
642 3235 680 3296 11
694 3230 733 3295 de
748 3234 841 3296 oaust
859 3229 1058 3297 constrictum
1072 3227 1166 3295 firisse
1180 3239 1213 3294 11
1232 3229 1410 3316 conjectum
1430 3230 1466 3295 in

278 3338 432 3382 carcerem
444 3317 482 3382 ab
492 3315 643 3391 Henrioo,
654 3316 804 3383 fremente
818 3316 853 3382 in
865 3316 980 3416 ipsum,
996 3327 1029 3382 et
1041 3325 1079 3381 ut
1091 3328 1161 3381 utar
1170 3314 1274 3382 verbis
1288 3315 1361 3396 tuis,
1376 3316 1431 3382 lib.
1446 3319 1463 3382 l

278 3401 416 3468 Vaticin.
432 3427 499 3556 cap.
516 3404 567 3483 31,
583 3402 686 3469 eidem
700 3403 735 3468 in
749 3407 913 3492 praesentit.
925 3402 1008 3503 regis
1021 3402 1189 3468 constituto
1197 3426 1215 3504 r.
1226 3412 1246 3443 “
1258 3403 1395 3503 graviter
1408 3404 1465 3468 im·

277 3504 633 3676 dirigitismiiidignatione
658 3577 794 3666 plurime
816 3589 848 3642 et
867 3576 1108 3643 comminatione
1133 3574 1243 3676 11111111Ξ
1265 3575 1369 3664 ipsum
1392 3599 1465 3642 cum

278 3661 339 3728 eho
366 3664 500 3750 quodam
519 3664 651 3729 firnuter
663 3687 733 3729 eom
775 3663 876 3728 ditum
891 3663 927 3729 in
951 3663 1063 3728 turrim
1077 3661 1247 3750 Regmaldr
1262 3663 1381 3751 (carcer
1402 3664 1464 3751 est)

278 3749 513 3817 custodiendum
539 3749 667 3816 remisit.
722 3687 834 3836 licique
859 3749 895 3815 iu
916 3747 1143 3837 stephanidem
1167 3750 1291 3814 tantbm
1315 3748 1467 3816 fremebat

278 3858 345 3914 rex,
360 3836 464 3901 sedin
479 3836 611 3904 alterum
625 3859 715 3902 suum
729 3848 908 3925 cognatum,
924 3835 1118 3903 Richardum
1134 3834 1299 3924 Stringuil,
1315 3850 1347 3902 et
1368 3837 1466 3903 socios

277 3922 442 4001 invasores,
457 3937 565 3990 contra
579 3947 666 4010 quos,
688 3924 815 4013 tuipse,
832 3923 982 4024 Gyrelde,
1004 3923 1096 3990 fuisse
1111 3922 1251 4009 ejusdem
1265 3922 1347 4012 regis
1362 3924 1467 3990 decre-

278 4019 346 4074 tum
368 4033 511 4076 severum
525 4011 746 4099 provulgatum
768 4010 1006 4111 testans‚·quod
1020 4023 1053 4076 et
1067 4034 1109 4076 ex
1124 4022 1211 4099 parte
1230 4009 1342 4077 recitas
1363 4009 1466 4111 lib31,

277 4097 1468 4284 1111311111111111111111111111

278 4269 346 4348 tim,
362 4271 448 4357 qubd
462 4272 501 4337 de
515 4271 578 4337 tuis
590 4271 684 4359 longe
699 4269 789 4336 aliter
808 4271 903 4357 quam
925 4282 970 4348 tu,
986 4271 1108 4350 scribat,
1152 4271 1187 4336 ui
1200 4284 1307 4338 tecum
1319 4271 1413 4350 vrxit,
1435 4283 1469 4336 11

279 4369 349 4421 tuos
374 4357 413 4422 de
428 4357 508 4423 facie
530 4371 669 4436 noverat,
696 4355 874 4426 Gulielmus
888 4295 1205 4445 Neubrigensis,qlib.
1228 4360 1259 4437 2,
1281 4381 1349 4447 cap.
1365 4357 1418 4435 26,
1432 4357 1468 4422 in

278 4441 346 4508 lraec
367 4445 478 4510 verba:
501 4453 520 4483 “
532 4443 586 4510 Illi
610 4443 836 4533 (Stephanides
857 4467 930 4510 cum
950 4443 1137 4528 quibusdam
1158 4443 1248 4509 sociis
1268 4457 1300 4512 et
1328 4444 1469 4533 cognatis

279 4529 428 4619 Gymldi)
444 4543 619 4620 metuentes
633 4532 784 4621 paucitati
806 4554 869 4597 suae
886 4528 988 4619 (qubd
1001 4530 1144 4596 viderent
1159 4554 1191 4596 se
1206 4529 1240 4596 in
1255 4542 1339 4596 arcto
1353 4531 1469 4618 positos

221 4681 224 4686 .
278 4618 317 4683 ab
333 4617 464 4698 Ibernis,
486 4641 564 4704 quos
584 4621 751 4706 invaserat)
775 4617 882 4684 accitis
903 4615 938 4682 111
952 4615 1073 4706 Anglit
1086 4616 1162 4683 viris
1176 4617 1283 4705 inopie
1303 4617 1468 4682 laboranti·

278 4705 336 4769 bus
351 4717 383 4769 et
403 4703 486 4770 lucri
508 4705 642 4806 cupidis,
665 4708 746 4771 vires
767 4704 919 4793 paulatim
941 4717 1107 4785 auxerunt,
1131 4716 1163 4769 11
1177 4702 1405 4769 accersiverunt
1425 4726 1468 4768 ex

277 4791 409 4880 Anglid,
440 4791 674 4881 praefiorendum
703 4793 762 4859 sibi
790 4792 895 4860 virum
923 4791 1073 4870 nobilem,
1102 4789 1251 4857 videlicet
1276 4788 1469 4856 Richardum

491 3501 617 3570 etanto,
628 3501 693 3556 tam
703 3489 866 3556 temerario
877 3490 1028 3556 Ibermcae
1043 3499 1286 3578 expugncnoms
1303 3513 1390 3569 ausu,
1400 3513 1465 3556 uon
