3736 6054
261 677 339 724 cnr.
358 659 407 748 v.]
648 677 829 727 aroucam
844 677 915 726 rno
931 675 1115 724 ursanum.
1420 657 1461 723 59

269 833 315 898 las
329 833 473 910 relatum,
487 847 667 901 recensetur
680 833 763 900 inter
777 835 848 912 alia,
872 834 966 922 praeci
990 857 1101 899 uorum
1117 831 1256 899 ecclesiae
1271 855 1306 896 uc
1322 829 1462 896 dioecesis

262 920 507 986 Gonsmntiensis
517 934 718 1009 patronorum
733 935 920 988 sanctorum.
959 857 991 986 d
1004 921 1026 986 J
1027 945 1112 986 eron.
1125 920 1265 985 sacerdos
1274 933 1306 983 ct
1317 917 1458 1006 unigeni·

265 1021 316 1071 tus
332 1007 432 1094 princi
455 1007 482 1072 is
497 1008 643 1088 Iberniae,
659 1009 807 1096 martyrio
829 1021 994 1075 coronatus
1007 1009 1042 1072 in
1057 1005 1229 1074 Germania
1249 1005 1404 1082 inferiore,
1427 1005 1461 1069 in

263 1094 427 1182 provincia
478 1094 633 1175 ollandiae,
649 1096 734 1185 apud
745 1096 890 1174 Batavos,
905 1094 939 1159 in
955 1095 1072 1195 oppido
1088 1093 1243 1172 Nordwis,
1258 1115 1339 1157 anno
1354 1092 1462 1157 salutis

266 1183 330 1247 855
346 1195 401 1247 aut
415 1181 547 1247 circiter.
592 1182 632 1248 In
646 1182 769 1270 Anglia
782 1183 805 1248 J
806 1205 921 1248 oannes
936 1183 992 1246 En
1016 1205 1086 1260 ena,
1108 1181 1149 1246 de
1164 1203 1227 1267 quo
1241 1179 1381 1279 superius
1396 1179 1460 1246 dic-

264 1283 343 1332 tum.
388 1268 428 1333 In
442 1269 510 1356 ipsa
519 1269 655 1348 Ibernit,
670 1269 754 1335 inter
767 1269 882 1335 multos
897 1267 984 1346 alios,
993 1205 1105 1334 laurea
1119 1267 1261 1355 martyrii
1276 1265 1331 1331 rllo
1346 1267 1459 1332 saeculo

264 1354 408 1433 donatus,
423 1355 623 1422 saevientibus
636 1356 670 1420 in
684 1356 889 1422 christianum
911 1379 1026 1420 nomen
1041 1356 1073 1420 N
1074 1354 1216 1442 orwegis,
1238 1377 1293 1419 scu
1307 1353 1458 1418 Norman-

264 1440 314 1506 nis
329 1441 446 1530 piratis,
462 1465 542 1508 unus
554 1443 617 1509 suit
632 1443 665 1509 S.
680 1443 833 1521 Blatmac,
847 1442 1028 1530 unigenitus
1043 1442 1124 1530 regis
1139 1440 1284 1520 Ibemiae,
1307 1440 1458 1518 sacerdos,

266 1551 361 1614 quem
376 1528 498 1594 barbari
512 1530 553 1595 ad
567 1531 673 1609 altare,
688 1553 806 1595 sacram
829 1529 1058 1595 Eucharistiam
1074 1527 1302 1605 conficientem,
1326 1527 1459 1592 trucida-

264 1627 349 1694 runt,
371 1615 406 1680 in
420 1619 518 1703 parva
531 1615 634 1683 insula
650 1617 682 1683 S.
699 1617 873 1695 Columba,
889 1615 954 1682 sive
970 1615 1028 1704 Hy
1043 1615 1137 1694 dicta
1159 1637 1256 1703 prope
1271 1615 1359 1680 littus
1374 1615 1458 1680 lber·

265 1702 344 1779 niae3
360 1702 450 1788 cujus
465 1703 557 1769 Beati
567 1704 722 1769 Blatmaci
736 1703 846 1782 vitam,
861 1703 1001 1768 versibus
1015 1701 1205 1768 hexametris
1220 1701 1342 1790 scripsit
1353 1693 1459 1768 Wala-

263 1787 362 1854 l'ridus
379 1789 518 1868 Strabus,
534 1803 567 1856 et
580 1791 615 1854 in
628 1814 720 1856 suum
734 1803 808 1855 tom.
821 1791 852 1869 6,
868 1789 976 1855 intulit
987 1789 1143 1856 chricus
1159 1788 1311 1856 Carrisius
1335 1788 1458 1854 Omitto

232 1875 236 1888 '
266 1899 425 1941 recensere
440 1876 518 1942 alios
531 1877 626 1963 hujus
639 1877 745 1943 saeculi
760 1889 880 1943 sanctos
895 1877 1033 1942 Ibemos.
1092 1945 1096 1954 ,

311 1963 500 2052 Progredior
515 1964 554 2029 ad
569 1964 726 2050 quintum,
743 1977 841 2043 atuc,
852 1963 1002 2051 Gyraldc,
1017 1963 1132 2042 seculo,
1149 1963 1234 2049 quod
1249 1962 1310 2029 fuit
1324 1965 1362 2030 ab
1378 1987 1459 2028 anno

267 2048 386 2116 Christi
404 2052 467 2115 700
481 2075 579 2138 usque
594 2051 634 2117 ad
650 2053 723 2118 800.
767 2050 807 2116 In
821 2074 884 2137 quo
899 2050 1014 2130 seculo,
1028 2062 1066 2115 ut
1080 2051 1160 2116 etin
1175 2051 1285 2116 dicbus
1300 2050 1379 2128 aliis,
1389 2074 1459 2137 quae

265 2147 381 2202 restant
394 2160 493 2223 usque
509 2139 549 2203 ad
566 2137 598 2205 S.
615 2137 792 2216 Patritium,
809 2151 856 2204 tot
870 2150 1003 2215 sanctos,
1019 2138 1188 2224 doctosque
1203 2138 1286 2202 viros
1300 2137 1394 2202 fuisse
1410 2138 1457 2201 in-

267 2223 372 2302 venio,
387 2229 475 2290 tanta
489 2225 606 2313 pietate
620 2226 654 2290 in
669 2225 778 2291 Deum
793 2225 949 2312 flagrasse,
971 2237 1008 2290 ut
1022 2223 1193 2312 plurimum
1214 2224 1392 2290 universam
1406 2248 1454 2288 na·

266 2310 387 2376 tionem
402 2310 599 2390 Ibernorum,
615 2325 680 2378 tam
695 2311 846 2378 tenaciter
860 2313 1036 2378 observlraee
1051 2310 1138 2390 ritus,
1160 2335 1270 2390 mores,
1286 2311 1382 2376 fidem
1397 2311 1459 2376 Rc·

266 2421 365 2462 manae
387 2397 537 2478 ecclesia,
565 2411 604 2465 ut
633 2401 705 2464 clam
728 2423 792 2464 non
813 2422 928 2487 paucos
949 2399 1055 2478 libros,
1077 2399 1230 2476 historias,
1257 2415 1460 2464 monumenta

265 2484 365 2572 prisca
375 2484 529 2550 variarum
541 2486 678 2574 Europe
691 2486 923 2574 provinciarum
938 2487 1021 2552 certe
1035 2508 1100 2551 non
1114 2486 1249 2574 segniter
1260 2485 1459 2564 removerim,

264 2595 419 2658 nusquam
434 2583 540 2637 tamen
555 2585 588 2638 et
601 2596 761 2673 nunquam
777 2573 906 2638 memini
921 2596 972 2638 me
994 2572 1157 2660 quippiam
1171 2572 1272 2637 simile
1295 2571 1406 2659 legisse
1420 2573 1460 2636 de

265 2658 327 2724 alia
342 2657 407 2724 ulla
420 2659 503 2725 orbis
518 2659 644 2726 natione
659 2660 777 2725 ersdem
791 2659 903 2726 seculis
918 2660 1062 2724 vivente:
1077 2682 1148 2724 nam
1165 2659 1204 2724 de
1216 2659 1327 2723 horum
1339 2657 1459 2746 potimi-

265 2768 353 2810 mum
367 2744 464 2810 trium
479 2746 653 2812 seculorum
665 2746 787 2812 Ibernis
802 2747 915 2810 sanctis
930 2759 962 2810 et
977 2744 1076 2811 doctis
1090 2745 1215 2810 dicebat
1228 2745 1259 2810 S.
1271 2745 1459 2822 Bemardus,

265 2831 335 2896 illos
348 2831 382 2896 in
396 2838 483 2898 tanta
504 2833 707 2900 multitudine
729 2855 773 2898 cx
787 2833 913 2898 Ibernit
934 2831 1042 2898 solitos
1061 2832 1195 2920 migrare
1217 2831 1290 2911 alib,
1311 2831 1351 2896 ad
1366 2855 1459 2896 evan-

264 2918 465 3006 gelizandum
480 2943 516 2986 ac
530 2920 621 2988 bonis
636 2919 810 3034 disciplinis
823 2918 1009 2986 imbuendos
1022 2931 1138 2984 exterae
1153 2918 1289 2984 nationis
1302 2919 1456 2997 homines,

264 3020 301 3071 ut
310 3006 396 3085 inde,
407 3006 442 3070 id
453 3019 510 3087 est,
521 3031 565 3073 ex
576 3007 713 3086 Ibernid,
743 3005 918 3072 “examina
931 3006 1133 3082 sanctorum,”
1148 3005 1253 3092 inquit
1269 3005 1302 3072 S.
1317 3005 1375 3086 scri
1400 3019 1458 3082 tor,

265 3091 447 3180 prodierint,
470 3102 490 3133 ‘⁶
503 3106 546 3174 et,
562 3093 648 3180 quasi
664 3093 869 3159 inundatione
883 3093 976 3171 factd,
991 3115 1057 3158 sese
1078 3093 1260 3160 effuderunt
1274 3107 1307 3160 ct
1321 3030 1459 3182 repleve-

264 3181 364 3258 runt,”
378 3203 491 3246 novam
509 3180 658 3259 Scotiam,
673 3180 837 3270 Angliam,
854 3180 991 3246 Galliam
1007 3178 1179 3268 Belgicam,
1196 3193 1228 3246 et
1242 3180 1459 3258 Bracchatam,

264 3280 297 3331 et
311 3266 476 3346 Celticarn,
492 3281 524 3334 et
538 3267 751 3346 Germaniam,
767 3267 959 3334 eulaliam
994 3266 1044 3333 Dc
1059 3267 1239 3333 eorumdem
1262 3267 1358 3332 trium
1373 3291 1459 3332 sccu-

264 3354 365 3419 lomm
380 3354 494 3420 sanctis
509 3354 663 3421 scribebat
672 3367 780 3422 auctor
794 3353 868 3419 vitm
885 3354 917 3420 S.
930 3353 1083 3432 Wironis,
1098 3354 1237 3442 episcopi
1254 3353 1458 3419 Dublinensis

264 3441 298 3504 in
326 3439 433 3506 Scotid
454 3453 571 3520 vetere,
593 3443 659 3507 sive
682 3441 819 3520 Ibernia,
841 3441 926 3527 apud
950 3441 1088 3520 Surium,
1111 3454 1185 3520 tom.
1209 3443 1240 3519 3,
1263 3441 1303 3506 ad
1325 3441 1457 3508 8Maii:

264 3536 284 3567 ‘⁴
298 3527 405 3594 Scotia
433 3527 543 3594 fertilis
571 3541 747 3594 anctorum
775 3528 878 3593 insula
906 3540 939 3594 et
968 3527 1126 3594 stellarum
1164 3551 1329 3593 numerum
1358 3529 1457 3616 prope

263 3637 398 3699 aequans,
414 3616 489 3681 etc.’'
532 3615 584 3682 De
599 3615 727 3692 eisdem,
742 3615 796 3680 alii
811 3613 911 3680 multi.
958 3615 1023 3680 Sed
1044 3614 1204 3702 sigillatim
1219 3639 1319 3702 pauca
1332 3638 1374 3679 ex
1389 3615 1457 3702 plu·

263 3699 349 3767 ribus
372 3701 552 3768 omittendis
573 3701 752 3768 testimonia
769 3701 994 3790 irrefragabilia
1019 3701 1235 3788 producamus,
1258 3715 1291 3766 et
1304 3701 1458 3790 imprimis

259 3787 300 3853 de
314 3787 420 3854 seculo
443 3789 528 3874 quod
550 3793 691 3856 excurrit
705 3789 745 3856 ab
767 3811 850 3854 anno
864 3787 970 3853 salutis
987 3790 1050 3854 700
1065 3810 1166 3874 usque
1181 3788 1222 3854 ed
1244 3789 1317 3853 800.
1363 3789 1457 3855 Circa

259 3872 357 3941 linem
370 3874 465 3963 hujus
480 3876 585 3942 saeculi
600 3900 648 3941 cm
670 3875 696 3941 it
707 3874 859 3942 sathanas
872 3875 1023 3942 seminare
1038 3874 1157 3941 zizania
1171 3875 1205 3940 in
1219 3875 1366 3942 cordibus
1380 3899 1456 3963 quo·

258 3963 403 4028 rumdam
430 3986 473 4030 ex
495 3961 583 4029 laicis
603 3900 761 4051 indigenis
777 3961 942 4028 Scotorum
958 3974 1110 4042 veterum,
1125 3985 1181 4029 seu
1203 3963 1348 4040 Ibemiae,
1371 3964 1457 4049 qubd

258 4047 410 4116 nimirum
424 4049 653 4116 sacramentalis
672 4073 732 4116 con
746 4050 826 4116 assio
847 4061 1047 4139 peccatorum
1069 4049 1280 4116 sacerdotibus
1302 4050 1455 4130 iacienda,

259 4157 324 4200 non
338 4135 435 4202 laicos
448 4136 503 4203 sed
518 4137 648 4203 elericos
662 4135 884 4225 adstringebat.
941 4135 1091 4202 Sufficere
1106 4137 1181 4202 verb
1197 4136 1284 4202 laicis
1307 4137 1334 4202 si
1355 4138 1397 4203 ad
1411 4163 1455 4203 sa·

258 4245 342 4288 cram
351 4222 570 4290 eucharistiam
581 4223 816 4313 percipiendam
828 4223 990 4302 accedent,
1004 4224 1123 4310 previa
1133 4224 1324 4291 confessione
1336 4237 1369 4290 et
1383 4248 1453 4290 con-

258 4309 386 4375 tritione
400 4323 599 4398 peccatorum
616 4309 796 4376 mortalium
812 4309 854 4396 (si
869 4334 938 4402 quae
953 4312 1040 4396 sunt)
1056 4311 1139 4378 facta
1153 4311 1219 4377 solo
1229 4311 1310 4391 Deo,
1327 4312 1454 4380 absente

257 4409 290 4462 et
303 4397 463 4463 nesciente
488 4397 647 4463 sacerdote
665 4397 785 4486 judice.
830 4397 927 4462 Hunc
950 4397 1148 4486 pestilentem
1171 4422 1306 4464 errorem
1320 4400 1389 4464 und
1398 4401 1455 4466 sub

257 4506 300 4549 ex
311 4483 424 4550 Galliis
438 4484 533 4550 missa
547 4508 564 4550 c
587 4483 689 4562 istola,
705 4508 800 4572 quam
812 4484 966 4550 Baronius
976 4499 1067 4551 vocat
1082 4496 1101 4524 “
1110 4487 1250 4552 auream’'
1263 4486 1303 4553 ab
1314 4485 1453 4552 Alcuino

257 4569 368 4658 Auglo
383 4595 477 4657 quern
492 4507 623 4638 Carolus
637 4595 779 4659 magnus,
803 4571 1018 4660 “magistrum
1033 4595 1124 4638 suum
1139 4571 1334 4638 delitiosum”
1349 4573 1454 4660 appel·

257 4657 351 4734 labat,
367 4659 471 4724 statim
482 4658 686 4746 compescuit,
703 4659 793 4745 cujus
803 4659 935 4747 epistola
944 4682 1014 4745 quae
1022 4658 1265 4748 vigesimasexta
1273 4672 1454 4724 numeratur

257 4745 296 4810 ab
313 4744 455 4812 chrico
471 4745 610 4826 Caninio,
626 4758 699 4812 tom.
717 4748 746 4826 1,
769 4745 851 4813 inter
865 4745 1000 4832 reliquas
1015 4745 1156 4826 Alcuini,
1181 4769 1253 4812 cum
1269 4746 1386 4812 eximii
1403 4747 1454 4812 cd-

1300 4851 1325 4896 n
