3772 6008
417 747 459 810 74
773 759 955 810 aronoora
977 761 1048 810 rao
1071 761 1257 808 mansura.
1451 743 1543 834 [oar.
1561 764 1609 810 vr.

415 917 492 984 illue
521 916 666 984 navicult
705 916 860 1004 remisque
890 916 976 982 adire
1005 928 1195 994 statuerunt;
1229 917 1410 984 aecedentes
1440 920 1514 984 verb
1545 931 1607 985 tam

438 1006 524 1093 rope,
554 1017 591 1070 ut
619 1004 775 1092 applicare
804 1028 836 1070 se
861 1005 930 1092 jam
960 1003 1100 1070 arbitrati
1129 1002 1255 1084 fuerint,
1285 1018 1437 1092 tanquam
1467 1005 1501 1070 in
1524 1029 1608 1072 mare

346 1147 349 1155 .
415 1029 607 1158 descendens
621 1093 661 1157 ab
684 1091 782 1158 oeulis
808 1113 927 1169 eornm,
953 1089 1055 1156 insula
1079 1113 1203 1179 prorsus
1228 1090 1365 1156 evanuit
1410 1092 1450 1158 In
1476 1093 1610 1159 crastino

415 1179 490 1244 verb
516 1177 660 1243 similiter
684 1199 844 1278 apparens,
870 1177 996 1243 eosdem
1013 1178 1149 1263 juvenes
1170 1176 1265 1242 simili
1287 1177 1447 1244 delusione
1473 1179 1608 1266 decepit.

415 1264 526 1366 [lertio
539 1265 668 1366 tandem
680 1265 745 1364 dre,
760 1263 889 1331 senioris
902 1263 1066 1365 cujusdam
1088 1263 1226 1364 oonsilio,
1250 1265 1442 1364 aooedentes,
1464 1265 1608 1353 sagittam

413 1367 512 1504 iiii
529 1351 1060 1537 ittitiittiiiii'ii
1081 1351 1609 1524 iiiiiiiiiiitiiiisit

393 1539 398 1550 “
415 1524 560 1614 Gyraldi,
575 1524 630 1625 qui
646 1526 685 1591 de
700 1528 738 1590 et
752 1524 813 1591 hoo
826 1525 887 1625 sert
903 1525 1072 1625 judicium,
1094 1523 1212 1603 dicens,
1234 1533 1254 1563 “
1265 1524 1373 1626 multis
1384 1525 1507 1626 ¹itaque⁸
1521 1538 1609 1614 patet

414 1625 626 1784 iiiiii
641 1611 1162 1787 dimittimini
1170 1635 1607 1786 ,tititiiiitiiti

414 1786 480 1851 sine
494 1785 635 1875 passione
646 1785 829 1874 syncoptioi
842 1809 906 1851 non
920 1784 1099 1850 admittunt.
1143 1784 1232 1872 Ignis
1246 1785 1341 1864 enim,
1355 1799 1421 1851 tam
1435 1785 1498 1851 situ
1513 1787 1608 1873 quiam

414 1877 536 1952 namra,
561 1871 787 1938 elementorum
801 1871 1011 1960 dignimimm
1034 1883 1184 1958 tanquam
1205 1872 1379 1938 ooelestium
1399 1873 1542 1939 eonsoius
1561 1885 1609 1938 est

413 1971 611 2026 secretorum.
655 1960 791 2046 Igneum
805 1959 928 2038 eaelum,
953 1958 1041 2046 ignei
1063 1957 1207 2058 planeta,
1231 1959 1306 2047 igne
1331 1961 1427 2025 robus
1449 1981 1609 2040 aseensus,

413 2069 473 2113 nee
498 2047 643 2112 incensus
667 2058 741 2112 erat.
801 2045 908 2134 Igneis
931 2045 1048 2133 linguis
1072 2068 1107 2109 m
1132 2045 1286 2134 apostolos
1311 2045 1446 2134 Spiritus
1474 2046 1608 2113 Sanctus

412 2133 554 2200 insedit.”
596 2133 708 2220 Atque
721 2132 804 2198 inter
817 2133 893 2198 alias
907 2132 1185 2199 demonstrationes
1195 2155 1257 2198 suae
1272 2133 1408 2200 'scientie
1423 2133 1608 2221 theologicae

412 2231 446 2286 et
460 2219 696 2309 philosophice,
710 2242 805 2305 quam
819 2219 901 2285 faeti
915 2218 1210 2286 commemoratione
1231 2220 1319 2308 ignei
1339 2220 1423 2298 coeii,
1444 2220 1608 2308 ignearum

413 2307 622 2396 planetarum,
637 2305 748 2372 Mosaei
773 2305 870 2386 rubis,
892 2305 1072 2394 linguarum
1093 2305 1258 2395 ignearum
1278 2307 1314 2372 in
1336 2306 1388 2373 die
1400 2307 1607 2383 Pentecostis,

413 2407 570 2460 ostentare
584 2393 732 2481 cupiebat
746 2391 960 2471 (lambrensis;
981 2391 1068 2458 illam
1084 2391 1293 2460 universalem
1303 2393 1379 2460 tulit
1388 2394 1606 2472 sententiam*

413 2480 574 2560 nimirum,
605 2489 626 2520 ‘⁸
638 2479 782 2568 pluribus
817 2479 1009 2568 argumentis
1044 2493 1185 2546 constare
1221 2481 1429 2569 phantasmati
1465 2480 1607 2558 cuilibet,

412 2568 520 2657 ignem
534 2589 658 2656 semper
671 2565 946 2633 inimicissimum.”
991 2566 1027 2633 Si
1041 2566 1102 2632 hoo
1116 2591 1179 2632 non
1194 2567 1236 2633 sit
1249 2591 1286 2634 su
1326 2568 1506 2646 rstitiosum‚
1529 2567 1608 2654 quid

412 2654 540 2720 tandem
555 2677 592 2721 su
632 2653 734 2720 ratitio
748 2653 831 2720 erit?
852 2665 1005 2720 ettamen
1017 2653 1218 2720 subtilissima
1235 2655 1281 2744 Sy
1296 2653 1388 2722 vestri
1410 2653 1608 2722 cambrensis

412 2740 581 2830 theologia,
620 2763 734 2807 orasses
748 2739 979 2829 superstitiones
998 2740 1073 2806 istas
1094 2765 1151 2829 pro
1165 2741 1261 2808 nullis
1275 2742 1380 2820 habet,
1395 2741 1496 2808 nullas
1509 2740 1607 2818 videt,

412 2829 467 2896 sed
481 2826 654 2894 naturalem
669 2840 725 2894 aut
738 2828 1004 2916 supernaturalem
1019 2827 1225 2917 antipathiam
1239 2852 1361 2917 semper
1374 2828 1511 2895 existere
1525 2827 1608 2893 inter

412 2914 569 2982 diabolica
581 2915 721 2981 ludibria
733 2914 800 2981 sive
814 2913 1040 3003 phantasmata,
1063 2928 1096 2980 et
1116 2915 1253 3015 ignitum
1274 2915 1392 2982 sermm
1413 2915 1479 2982 sive
1500 2917 1512 2980 i
1556 2937 1608 2981 em

412 3002 567 3088 quemvis,
582 3025 647 3068 esse
662 3002 853 3069 arbitratur.”
895 3002 1008 3088 Neque
1020 3002 1165 3081 adverus,
1188 3001 1380 3092 otheologe,
1403 3004 1499 3090 quim
1526 3013 1608 3068 atam

413 3089 532 3177 pandas
546 3101 669 3177 portam
683 3089 863 3156 volentibus
877 3089 1052 3177 antipathia
1066 3088 1163 3156 simili
1184 3089 1288 3157 velare
1313 3090 1478 3177 sacrilegas
1504 3112 1609 3176 snper·

412 3174 553 3241 stitiones
573 3198 691 3254 eorum,
713 3175 769 3262 qui
791 3175 926 3263 philtris,
938 3176 1092 3255 amuletis,
1115 3175 1198 3242 notis
1221 3175 1361 3276 magieis,
1385 3190 1440 3242 aut
1462 3175 1542 3252 aliis,
1564 3199 1608 3241 ex

412 3275 505 3362 paeto
519 3260 615 3328 taeito
627 3262 681 3362 vel
695 3283 843 3362 expresso
856 3285 930 3362 euru
945 3260 1098 3362 Demens
1112 3261 1202 3342 inito,
1217 3262 1343 3342 habrtis,
1365 3286 1398 3328 se
1419 3262 1514 3362 pullis
1526 3262 1608 3362 telis,

412 3347 1609 3537 {triutrinitriiirzttrimrrurr²¹1¹

413 3521 656 3624 “phantasmata
664 3522 1222 3624 semperpelhpraesentrtouprsquer
1247 3523 1610 3610 mstanqusm1n1mror,”

413 3609 488 3676 vide
503 3611 599 3696 qulam
614 3621 650 3676 tu
663 3623 807 3676 constans
821 3609 862 3676 sis
877 3633 911 3674 in
940 3633 1026 3688 vero,
1048 3633 1104 3696 qm
1126 3609 1160 3675 in
1181 3548 1292 3677 etaiam
1314 3616 1369 3676 tua
1390 3608 1527 3676 sectandi
1548 3608 1609 3674 dis·

413 3696 503 3763 tinet.
528 3720 597 3785 oap.
624 3699 676 3776 19,
701 3697 836 3763 referens
861 3695 1024 3762 ridendam
1043 3696 1144 3785 magis
1158 3699 1253 3783 quam
1269 3697 1457 3764 credendam
1470 3695 1609 3762 fabulam

415 3785 525 3870 (quam
534 3783 723 3850 omnimodis
732 3783 853 3850 conaris
864 3784 993 3850 suadere
1007 3806 1170 3872 synceram
1181 3784 1432 3872 essehistoriam)
1442 3783 1482 3849 de
1513 3782 1545 3848 io
1554 3781 1610 3847 illo

414 3869 569 3936 catholieo
583 3870 722 3950 homine,
737 3869 792 3956 qui
806 3883 914 3938 mente
928 3871 1076 3950 humant,
1091 3894 1182 3938 sensu
1202 3871 1381 3948 christiano,
1404 3885 1438 3938 et
1458 3807 1610 3957 religione

413 3957 545 4036 sinceri,
559 3960 655 4024 etiarn
669 3970 702 4026 et
716 3957 798 4024 dono
812 3956 985 4046 prophetia
999 3958 1127 4024 servatis
1137 3957 1251 4036 illesis,
1262 3971 1329 4025 toto
1340 3959 1462 4046 reliquo
1472 3957 1610 4022 humano

447 4129 460 4157 ·
476 4130 578 4183 Audito
587 4131 660 4197 prius
670 4137 698 4184 et
707 4130 813 4184 minimi
824 4132 968 4198 reprobato,
983 4131 1054 4198 quid
1064 4132 1194 4186 fluctuans
1200 4133 1228 4184 in
1234 4133 1397 4185 ooesnobino
1407 4132 1468 4184 inde
1478 4132 1572 4190 inania,
1583 4137 1611 4182 et

414 4195 524 4274 subinde
543 4197 576 4248 ab
594 4197 675 4276 oeulis
692 4211 855 4259 evanesoena
876 4203 904 4250 et
914 4213 1021 4250 rursum
1031 4212 1190 4264 comparens,
1208 4199 1308 4250 virtute
1325 4197 1425 4250 inimici
1439 4197 1522 4262 jaculi
1533 4197 1611 4260 igniti

414 4261 628 4389 'tibssdiiampolneil
639 4325 742 4390 singuli
751 4325 852 4392 pagetis
863 4331 982 4386 sonatur,
995 4327 1183 4380 condonatoris
1192 4341 1274 4386 more,
1295 4327 1339 4380 vel
1356 4341 1488 4379 san-amm
1507 4325 1609 4376 littera-

414 4405 474 4442 rum
485 4393 672 4444 amantissimi
682 4393 832 4456 interpretis
848 4393 1003 4453 imitatione,
1022 4399 1174 4454 monstrare,
1192 4393 1350 4452 stridebit,
1372 4393 1417 4456 qai
1436 4391 1506 4442 volet
1524 4391 1610 4452 legare

415 4455 495 4508 libros
504 4471 621 4520 quosque
632 4457 714 4522 ipsius
732 4458 812 4508 etiarn
830 4457 863 4509 de
881 4457 997 4521 profano,
1006 4459 1049 4510 vel
1067 4458 1197 4518 historioo,
1211 4457 1253 4510 vel
1271 4457 1455 4522 philosophico
1474 4461 1521 4505 ant
1540 4453 1609 4504 meri

466 4523 518 4573 tiso
528 4529 682 4585 argamerno
692 4528 848 4582 tractantem
866 4523 1009 4586 presertim
1028 4521 1090 4574 verb
1106 4523 1178 4574 istud
1195 4523 1358 4586 frequentiis
1377 4523 1496 4573 observes
1514 4519 1543 4568 ia
1563 4517 1610 4568 snt

415 4537 596 4652 liepograpnit
607 4587 725 4647 Ibernio,
738 4589 783 4638 ubi
793 4587 825 4638 ds
836 4591 913 4651 nugis
924 4595 971 4639 aut
981 4589 1172 4638 narrationibus
1182 4589 1329 4666 adiaphoris
1336 4602 1389 4637 non
1397 4586 1481 4636 minna
1488 4585 1611 4635 brevibus

415 4651 494 4716 quim
523 4653 624 4716 exiguis
652 4653 680 4702 in
701 4667 729 4704 se
748 4653 880 4712 momenti,
902 4653 1011 4715 longnas
1030 4660 1058 4705 ot
1076 4653 1155 4703 serias
1174 4659 1269 4704 attexit
1297 4652 1428 4709 homelias,
1453 4649 1611 4700 eoaoervatia

414 4719 530 4781 undique
541 4718 675 4770 unientiia
696 4731 828 4768 saetarum
838 4717 994 4776 litterarum,
1008 4724 1035 4769 st
1046 4719 1188 4782 proverbiis
1201 4717 1384 4834 philosopharis
1400 4715 1432 4766 ad
1450 4711 1610 4764 historiolam

414 4783 610 4841 illmtrandams
627 4797 661 4834 an
673 4788 700 4834 et
709 4787 837 4845 quantum
848 4782 876 4832 in
885 4783 965 4834 faeiat
975 4785 1008 4832 ad
1019 4797 1073 4836 rem
1084 4789 1131 4835 sut
1142 4783 1292 4836 institutum

414 4849 569 4914 graphicum
581 4853 723 4908 terrarum,
738 4847 777 4899 nil
792 4854 867 4902 curat
879 4848 1018 4915 Gyraidns.

1344 4782 1455 4834 toricum
1474 4784 1521 4832 aut
1538 4787 1610 4843 topo-
