3736 6054
389 1715 392 1722 .
458 1608 784 1724 APOLOGIA
813 1607 936 1720 PRO
965 1609 1289 1721 HIBERNIA.

708 1890 1063 1908 mmm

794 2077 917 2145 OAP.
940 2078 967 2144 1.

284 2289 354 2354 Quid
365 2290 546 2345 Slanihurstns
557 2294 584 2343 et
594 2290 639 2342 alii
650 2290 785 2351 mantnt,
805 2291 838 2342 de
847 2290 1000 2354 intemperie
1009 2295 1037 2344 st
1052 2291 1222 2344 momentote
1232 2291 1359 2357 sylvestri
1371 2293 1481 2360 Gyraldl

316 2357 489 2408 Cambransis.
523 2357 592 2419 Quid
611 2357 667 2421 ipse
678 2357 809 2420 Gyraldus
825 2357 857 2408 de
873 2355 983 2408 aliorum
994 2357 1047 2408 tere
1063 2359 1180 2410 omnium
1191 2359 1232 2410 sni
1242 2361 1375 2426 temporis,
1392 2361 1481 2412 animo

315 2427 343 2473 et
353 2423 469 2475 maanus
479 2422 576 2475 maris
587 2423 616 2474 ln
626 2437 701 2474 ruam
711 2435 856 2487 manuam,
870 2423 1009 2487 attempta
1018 2422 1147 2476 unitam.

283 2617 439 2684 Fama
451 2615 607 2684 hereticos
613 2629 685 2696 tres,
697 2579 879 2719 quatuorve,
895 2616 1009 2718 quibus
1020 2616 1164 2718 placebat
1177 2617 1329 2684 acerbitas
1345 2619 1480 2720 Gyraldi

282 2705 317 2770 in
331 2717 461 2784 muetos,
475 2705 510 2769 in
525 2705 697 2783 eeclesiam,
719 2728 754 2770 rn
769 2705 1000 2783 ecclesiasticos,
1022 2727 1057 2768 1n
1071 2704 1249 2783 monachos,
1264 2705 1299 2770 in
1320 2729 1353 2772 re
1377 2730 1409 2772 es
1424 2707 1480 2772 ah·

303 2791 502 2880 uotAnglos,
510 2791 670 2857 neminem
681 2815 725 2857 ex
736 2790 938 2880 scriptoribus
952 2789 1123 2870 catholicis,
1134 2791 1195 2856 nisi
1207 2791 1336 2858 unicum
1349 2731 1480 2858 dichor-

282 2815 359 2946 dum
373 2877 605 2945 Stanihurstum
616 2877 789 2968 exceperis,
800 2877 895 2943 video
907 2876 1124 2944 admiratorem
1135 2890 1168 2942 et
1177 2877 1371 2946 laudatorem
1381 2878 1480 2967 ipsius

283 2989 415 3054 operum
429 2965 627 3054 scriptorum,
642 2987 706 3030 non
718 2963 877 3043 omnium
892 2964 948 3030 sed
961 2963 1017 3029 ubi
1029 2987 1203 3030 sermonem
1215 2964 1354 3031 instituit
1365 2965 1405 3030 de
1417 2966 1479 3032 Re-

283 3053 342 3118 bus
357 3051 463 3118 Gestis
478 3076 514 3118 ac
528 3051 784 3118 memorabilibus
798 3073 926 3116 suornm
935 3063 1123 3138 temporum,
1139 3051 1317 3139 Gyraldum
1324 3063 1362 3116 ut
1370 3053 1479 3118 monui

283 3139 318 3204 in
331 3139 523 3240 praefatione,
538 3151 628 3204 ornat
644 3137 859 3205 Stanihurstus
874 3137 1002 3203 nomine
1018 3137 1130 3202 “docti
1141 3152 1174 3203 et
1187 3137 1317 3204 litterati
1331 3138 1479 3219 hominis,

281 3225 344 3290 vin
364 3225 549 3326 pereruditi,
579 3224 741 3292 accerrimi
765 3223 929 3290 vetustatis
950 3223 1214 3312 contemplatoris,
1235 3225 1393 3313 seripturis
1414 3249 1480 3291 non

282 3311 385 3392 ferrer,
400 3311 482 3377 nihil
496 3335 560 3378 non
575 3311 753 3378 doctissime
767 3311 848 3376 nihil
863 3335 925 3377 non
941 3309 1122 3400 gravissime
1138 3310 1365 3399 scriptitantis.”
1409 3312 1477 3379 Osa·

282 3411 386 3466 terum
411 3421 475 3464 non
499 3399 653 3488 exipsius
667 3397 879 3464 laudatoribus
901 3399 1024 3463 tantiam
1046 3396 1201 3474 hereticis,
1225 3399 1381 3486 quispiam
1394 3399 1481 3468 inter

283 3509 354 3552 suos
373 3508 438 3552 non
452 3485 565 3565 infimi,
588 3499 622 3553 et
635 3486 801 3575 populares
817 3485 961 3573 Gyraldi,
985 3485 1040 3550 sed
1065 3495 1098 3549 et
1114 3484 1329 3552 Stanihurstus
1351 3487 1479 3552 tandem

282 3573 398 3662 pertesi
423 3585 518 3638 tantae
543 3572 578 3638 in
603 3572 659 3638 illo
674 3570 821 3638 vanitatis
843 3585 875 3638 et
889 3571 1077 3650 virulentis,
1099 3575 1262 3637 mutarunt
1282 3585 1430 3653 mentem,
1446 3586 1480 3640 et

281 3659 400 3747 stylum
425 3658 459 3724 in
483 3660 588 3748 ipsum
612 3672 762 3760 tanquam
786 3658 822 3724 in
842 3657 1034 3724 maledicum
1055 3658 1090 3723 in
1118 3657 1275 3746 plerisque
1296 3659 1479 3748 scriptorem

281 3747 485 3813 strinxerunt.
531 3745 614 3812 (lum
629 3770 714 3812 emm
730 3745 889 3836 Gyraldus
904 3744 1025 3831 aliquot
1046 3768 1089 3810 ex
1110 3745 1172 3810 suris
1187 3745 1285 3823 libris,
1308 3747 1479 3834 praesertim

281 3843 302 3874 “
316 3833 408 3921 Topo
464 3832 573 3922 phium
588 3832 749 3912 Ibemiae,”
771 3833 921 3898 obtulerit
940 3832 1098 3920 legendos,
1121 3844 1154 3897 et
1168 3832 1322 3898 dedicerit
1337 3833 1479 3900 Henrico

281 3919 328 3986 Π.
340 3857 520 4008 anglicum
534 3943 567 3984 re
591 3920 598 3934 '
619 3919 690 4020 (qui
703 3943 775 3986 raus
789 3921 956 4008 putabatur
969 3918 1078 3985 mortis
1090 3931 1122 3984 et
1136 3931 1216 3984 mart
1255 3918 1275 3933 ‘'
1295 3919 1328 3985 S.
1344 3919 1480 3986 Thomas

282 4006 512 4074 cantuariensis
522 3945 759 4159 archiepiscopi,
774 4007 871 4093 quiet
885 4029 981 4072 manu
993 4008 1110 4071 armata
1121 4005 1201 4071 debe
1227 4019 1333 4072 averet
1345 4005 1479 4072 iamlam

281 4094 426 4173 Ibemim,
446 4117 515 4182 quae
530 4094 649 4161 exinde
663 4093 698 4159 in
734 4117 797 4171 unc
812 4116 911 4180 usque
928 4092 1013 4159 diem
1035 4104 1125 4181 paret
1138 4092 1183 4157 im
1224 4093 1271 4158 rio
1283 4093 1479 4182 Anglorum)

281 4181 317 4246 in
331 4180 445 4268 quibus
469 4181 577 4247 orebrb
602 4180 790 4282 prolixeque
816 4180 960 4246 addatur
985 4180 1157 4258 viventem,
1193 4180 1288 4246 audet
1307 4205 1414 4269 regem
1438 4183 1479 4247 ab

282 4268 402 4334 eximit
416 4267 553 4354 orbaque
566 4269 713 4334 universa
722 4266 779 4333 utl
821 4266 916 4344 meur,
932 4266 1092 4332 uotimimb
1103 4266 1267 4356 sapientia,
1278 4267 1406 4354 pietate,
1417 4268 1478 4334 sor·
1543 4281 1548 4294 ’

281 4355 427 4436 titudine,
444 4355 579 4441 justitia,
598 4353 720 4434 litteris,
745 4365 796 4420 stu
818 4354 849 4418 io
864 4353 960 4441 pacis,
975 4352 1150 4420 clementias
1164 4351 1199 4419 in
1213 4367 1353 4428 cunctos,
1372 4355 1479 4421 vaeni-

282 4453 346 4508 tate
361 4443 400 4508 ab
415 4440 546 4506 avaritia
567 4455 621 4508 eut
642 4441 803 4507 invasione
826 4439 935 4507 alieni·
975 4439 1015 4506 In
1041 4440 1110 4506 aliis
1129 4453 1237 4506 tamen
1258 4441 1369 4507 multis
1389 4442 1478 4508 libris

282 4528 375 4594 editis
389 4552 409 4594 a
422 4527 564 4616 Gyraldo
588 4541 658 4617 post
677 4526 811 4594 Henrici
836 4539 969 4594 mortem
997 4528 1082 4616 (quse
1103 4527 1238 4630 contigit
1263 4551 1345 4595 anno
1370 4529 1479 4594 salutis

284 4617 384 4702 1189)
401 4614 478 4680 adeo
493 4628 673 4682 exsecratur
686 4614 869 4681 memoriam
883 4613 967 4716 regis
982 4627 1015 4680 et
1027 4614 1260 4680 mordacissimo
1274 4616 1358 4704 stylo
1418 4637 1478 4681 rse-

282 4701 400 4789 quitur‚
419 4702 590 4790 praesertim
604 4701 639 4767 in
651 4701 733 4768 libro
749 4701 788 4768 de
814 4711 834 4742 ⁴⁶
847 4700 1050 4768 Instrtutione
1065 4701 1248 4802 Principis‚”
1264 4716 1297 4768 et
1310 4702 1345 4766 in
1359 4702 1382 4766 li
1406 4725 1441 4767 ro
1455 4702 1477 4768 i.

280 4789 331 4855 sui
346 4797 366 4829 “
377 4787 534 4855 Itinerarii
549 4788 732 4869 Gambriae,”
751 4801 846 4878 caput
860 4791 882 4854 4
896 4800 930 4855 et
945 4790 976 4867 5,
998 4799 1032 4854 et
1045 4788 1159 4876 smpiirs
1172 4813 1206 4852 m
1221 4793 1277 4854 sud
1299 4798 1319 4828 ‘⁸
1330 4787 1476 4876 Deserip

282 4875 368 4940 tione
385 4873 568 4956 Gambriae,”
593 4887 626 4943 et
650 4875 765 4942 librot
788 4886 808 4918 “
821 4875 1076 4964 Expugnationis
1099 4873 1258 4954 Iberniae,”
1279 4887 1311 4940 et
1333 4874 1418 4954 alibi,
1441 4887 1478 4940 ut
