3772 6008
400 765 441 829 70
752 783 935 832 aronoom
956 783 1027 830 rao
1051 761 1237 830 mausum.
1449 766 1541 856 [osu.
1559 787 1592 832 v.

397 936 532 1038 quodam
549 937 669 1004 fervore
685 937 873 1039 eamuverubis
888 939 1038 1026 castigare
1048 937 1156 1054 coepit
1208 938 1331 1006 Videns
1341 937 1397 1004 illa
1406 939 1593 1041 gliscentem

396 1048 431 1089 m
454 1024 771 1125 adolescentulammr
797 1047 949 1125 vigorem,
974 1026 1089 1177 “Epo,
1130 1038 1183 1104 art,
1209 1035 1228 1064 “
1241 1039 1412 1126 utcumque
1437 1038 1527 1114 potui
1551 1028 1592 1093 ad

396 1111 515 1177 bellum
530 1135 673 1199 processi.
718 1112 771 1178 En
788 1111 969 1197 qurndecsm
991 1137 1033 1177 vo
1046 1125 1163 1212 ventur
1177 1135 1270 1212 anm,
1292 1135 1335 1177 ex
1357 1135 1421 1198 quo
1442 1127 1482 1213 et·
1497 1114 1592 1180 domo

394 1198 1268 1352 llll?ltltltglll⁰tllltffilffl
1282 1200 1591 1353 wll-‘tillut’

392 1371 465 1460 gilis
479 1395 572 1438 sexus
578 1311 760 1452 isbstitim’et,
771 1373 850 1438 mari
860 1372 1047 1452 transmisso,
1059 1334 1208 1461 lorigioris
1219 1309 1477 1462 periepegrinitiouis
1486 1373 1591 1440 locum

394 1459 562 1548 petiimem.
608 1459 661 1526 Tu
674 1461 750 1526 verli
765 1459 981 1526 adolescentie
994 1459 1128 1526 flammis
1142 1459 1315 1525 etiamnum
1330 1473 1473 1539 estuans,
1488 1461 1591 1528 natale

266 1585 272 1598 ·
393 1545 495 1612 solnm
508 1545 630 1626 incolis,
645 1546 732 1613 etad
746 1545 871 1635 fragiles
884 1570 988 1624 voces,
1003 1546 1093 1626 velis,
1113 1546 1206 1625 nolis,
1221 1546 1389 1635 fragilitate
1405 1547 1590 1624 attrahente,

394 1655 500 1698 aurem
524 1633 746 1713 accommodas,
770 1649 863 1720 atque
885 1633 1056 1701 femineum
1077 1633 1203 1700 visitare
1219 1657 1343 1712 sexum,
1358 1633 1427 1698 ιιιιὸ
1443 1645 1485 1713 te,
1523 1657 1591 1702 osse

392 1717 558 1799 arbitraris,
591 1743 655 1786 non
676 1721 877 1786 reminiscens
910 1743 1002 1786 suasu
1031 1721 1110 1786 Evae
1142 1720 1250 1786 Adam
1280 1719 1470 1809 prolapsum,
1500 1658 1591 1788 dam·

393 1829 499 1873 sonem
515 1831 533 1873 s
547 1806 654 1874 Dalile
668 1807 842 1886 seductum,
854 1807 960 1873 David
975 1832 1018 1874 ex
1029 1807 1160 1908 pristinu
1166 1807 1292 1896 justitie
1303 1821 1431 1896 captum
1445 1808 1589 1876 Bersabe

391 1893 629 1981 pulchitudine
666 1893 828 1973 excidisse,
872 1895 1135 1982 sapientissimum
1174 1894 1374 1961 Salomonem
1419 1894 1588 1962 mulierum

392 2003 497 2047 amore
513 1981 704 2082 deceptum?
726 1983 839 2070 Perge,
854 1981 962 2069 igitur,
980 2007 999 2048 o
1009 1981 1156 2134 Evenisl
1191 2005 1306 2070 perge3
1328 1980 1427 2047 evade
1453 1981 1587 2060 ruinam,

391 2071 454 2152 qud
468 2091 622 2156 compens
637 2068 751 2134 multos
766 2068 926 2148 corruisse,
949 2069 1029 2135 dec'
1056 2067 1187 2148 aviam,
1213 2093 1283 2156 quse
1306 2067 1396 2134 ducit
1417 2068 1460 2134 ad
1483 2081 1589 2156 portus

392 2153 611 2222 infemorum.”
654 2154 749 2222 Nunc
764 2155 823 2221 tibi
838 2169 967 2243 apparet
981 2155 1049 2222 haec
1070 2155 1188 2222 semina
1208 2154 1295 2222 rudis
1315 2154 1350 2220 in
1375 2155 1469 2221 rebus
1494 2155 1589 2221 chris-

393 2239 485 2308 tianis
510 2241 596 2320 fidei,
622 2241 792 2331 religionis,
823 2242 1007 2330 disciplinae,
1033 2241 1193 2331 scriptume
1218 2265 1323 2324 sacrae,
1351 2241 1538 2329 prudentias,
1552 2258 1585 2309 et

389 2328 527 2409 concilii,
541 2327 573 2396 Ο
589 2329 774 2396 Ibemorum
789 2329 880 2395 osor?
923 2339 943 2370 “
958 2329 1019 2395 His
1040 2329 1133 2395 dictis
1154 2328 1331 2396 stimulatus
1352 2329 1541 2408 adolescens,
1557 2343 1590 2396 et

391 2415 474 2482 ultra
488 2417 584 2502 quim
598 2416 827 2484 adolescentem
842 2417 992 2494 crederes,
1007 2417 1142 2495 territus,
1165 2413 1280 2504 gratias
1294 2439 1389 2504 agens
1402 2415 1588 2504 increpanti,

390 2501 607 2589 sodalibusque
629 2503 816 2581 valedicens,
839 2503 899 2569 iter
919 2504 978 2569 sni
1003 2504 1037 2568 it.
1082 2503 1187 2570 Mater
1214 2516 1331 2582 autem,
1361 2503 1468 2569 dolore
1477 2527 1589 2604 perur-

389 2601 494 2677 gente,
509 2603 629 2657 eratne
644 2613 676 2656 se
691 2590 855 2678 relinquat.
899 2591 949 2656 At
969 2527 1035 2668 ille,
1057 2614 1121 2657 non
1145 2590 1269 2668 audisti,
1293 2589 1409 2677 inquit,
1432 2614 1487 2676 qur
1503 2605 1589 2657 amat

388 2689 508 2764 patrem
523 2691 577 2743 aut
592 2690 723 2743 matrem
737 2679 808 2778 plus
827 2680 922 2764 qulam
938 2701 999 2757 me,
1022 2701 1086 2744 non
1107 2691 1153 2744 est
1174 2699 1224 2742 me
1247 2677 1372 2777 diguus.
1406 2675 1589 2743 Obsistente

388 2763 464 2828 veri>
478 2777 588 2843 matre,
603 2776 635 2830 et
649 2764 751 2830 limim
766 2765 947 2842 inhaerente,
963 2765 1099 2853 postulat
1112 2777 1149 2829 ut
1163 2787 1195 2829 se
1209 2764 1256 2830 ire
1270 2778 1360 2831 unat.
1394 2763 1505 2850 Ejulct
1518 2763 1583 2843 illa,

389 2863 423 2916 et
446 2849 481 2916 in
505 2852 721 2939 pavimentum
744 2865 897 2940 prostrata
918 2865 1012 2940 negat
1037 2847 1072 2916 id
1093 2849 1325 2940 promissurum.
1370 2851 1455 2917 Turn
1470 2850 1535 2930 ille,
1550 2865 1585 2918 et

388 2936 485 3004 limen
500 2953 533 3004 et
547 2951 677 3006 matrem
693 2938 879 3018 transiliens,
895 2953 963 3006 orat
977 2962 1046 3005 eam
1061 2951 1097 3005 ut
1111 2939 1193 3003 bono
1214 2937 1255 3004 sit
1277 2938 1390 3004 animo.
1436 2935 1491 3004 Me
1515 2938 1582 3028 qui-

388 3024 472 3103 dem,
488 3024 601 3176 indust,
616 3025 650 3090 in
665 3025 725 3092 hec
740 3025 806 3092 citt
829 3027 976 3113 deinceps
996 3048 1061 3091 non
1082 3024 1222 3102 videbis;
1244 3049 1305 3113 ego
1327 3025 1411 3090 enim
1434 3047 1583 3111 quocum·

387 3133 448 3196 que
464 3133 514 3177 me
552 3125 623 3178 ucet
637 3111 743 3178 salutis
758 3113 829 3192 iter,
845 3137 883 3179 eo
894 3114 962 3199 jam
977 3135 1192 3212 progressurus
1206 3135 1286 3191 sum,
1302 3125 1395 3198 atque
1406 3111 1460 3191 ita,
1472 3111 1584 3178 relicto

389 3197 485 3262 natali
500 3197 575 3278 solo,
590 3198 674 3284 quod
690 3197 900 3286 Lageniorum
915 3215 1029 3265 terram
1043 3199 1155 3266 incolae
1176 3199 1393 3287 nuncupant*
1415 3197 1455 3264 ad
1477 3199 1581 3264 virum
1690 3255 1691 3259 ,

387 3284 609 3382 venerabilem,
635 3284 691 3371 qui
715 3284 830 3352 Senilis
860 3286 1031 3364 dicebatur,
1061 3309 1093 3352 se
1118 3285 1346 3386 contulit-qui
1372 3309 1410 3384 ep
1439 3295 1581 3372 tempore

387 3371 537 3522 smgulari
551 3371 704 3482 religione
719 3384 752 3438 et
774 3372 995 3474 scripturarum
1017 3395 1173 3474 sacram
1194 3372 1370 3474 eruditione
1391 3372 1581 3472 intersecet

387 3457 441 3544 pol
453 3460 535 3538 ebat,
550 3483 605 3544 qur
627 3481 700 3525 oum
722 3481 840 3548 sagaors
860 3483 933 3525 eum
954 3483 1075 3549 ingemi
1096 3483 1161 3527 esse
1182 3458 1313 3535 videret,
1336 3481 1477 3524 ommum
1499 3458 1580 3523 divi·

387 3565 497 3610 narum
511 3546 716 3635 scriptuarum
731 3545 843 3612 studiis
856 3547 987 3627 imbuit;
1010 3547 1064 3614 scd
1077 3548 1123 3613 ita
1136 3559 1252 3625 tamen,
1263 3559 1301 3612 ut
1314 3544 1579 3631 quemadmodum

387 3632 528 3732 magistri
543 3657 561 3698 e
576 3631 737 3721 discipulis
751 3633 1052 3736 sciscitaptur,·cirm
1073 3657 1184 3786 dirum
1210 3633 1322 3699 volunt
1346 3632 1511 3785 efxeffl
1526 3655 1579 3784 ἐξ]

386 3741 505 3872 dididid
519 3733 566 3874 eit
580 3733 1238 3898 uffitmtdipddadndaldogldmnddmmsiim'
1275 3743 1351 3874 cilis
1375 3768 1523 3894 qussdain
1548 3807 1578 3872 ei

384 3906 572 3981 proponeret
585 3895 779 3980 questiones,
795 3919 813 3960 e
829 3919 960 3983 quarum
976 3895 1129 3973 solutione
1144 3895 1184 3961 de
1206 3893 1274 3982 ejus
1295 3893 1438 3962 doctrina
1458 3895 1580 3981 conjec-

385 3993 485 4045 turam
499 3994 634 4070 caperet.
679 3981 726 4048 At
739 3981 804 4060 ille,
821 3983 963 4069 quamvis
977 3982 1093 4071 pavido
1114 3981 1169 4048 scd
1191 3981 1294 4070 sagaci
1315 3993 1421 4046 tamen
1441 3995 1578 4068 pectore,

383 4089 424 4133 ne
439 4066 645 4167 immorigeris
658 4069 806 4158 magistro
820 4070 988 4171 videretur,
1003 4093 1068 4136 non
1082 4091 1172 4170 rans
1186 4067 1295 4156 glorisc
1310 4080 1396 4134 actrrs
1411 4067 1501 4168 vitio,
1523 4068 1578 4134 sed

384 4156 1197 4332 esuriemusselensis
1226 4154 1578 4308 insulsis

383 4327 523 4428 implebo
537 4267 657 4395 illud!q
678 4331 788 4417 Usque
803 4267 971 4400 adedriiro
985 4329 1020 4396 in
1034 4331 1102 4418 ejus
1116 4265 1243 4419 pectopree
1251 4263 1575 4430 diyinm’thecdp·

383 4427 604 4502 scripturarum
618 4417 736 4482 conditi
752 4418 947 4498 tenebantur,
962 4431 999 4484 ut
1012 4417 1095 4484 intra
1110 4417 1324 4483 adolescentis
1345 4425 1443 4479 metas
1464 4427 1575 4478 consu-

383 4513 479 4582 tutus,
491 4504 680 4592 psalmorum
690 4503 805 4570 librum
817 4504 978 4572 eliminato
987 4527 1128 4572 sermone
1139 4501 1331 4592 exposuerit,
1342 4500 1503 4586 multaque
1514 4499 1576 4564 alia

415 4680 430 4707 *
447 4678 561 4741 Lagenia
578 4679 720 4730 utimum
737 4679 812 4730 hodie
831 4679 980 4730 nominatur
998 4695 1051 4731 una
1070 4693 1103 4732 ex
1121 4679 1236 4742 quinque
1252 4673 1439 4741 principalibus
1461 4672 1572 4724 Ibernio

382 4743 529 4805 provinciis,
542 4751 689 4808 respectans
700 4745 733 4794 ad
744 4745 895 4796 orientalem
906 4744 993 4795 solem.

382 4809 571 4938 aqiniiiiilcit
592 4809 661 4862 cives
683 4809 795 4862 Ultonioe
817 4810 845 4860 in
867 4810 978 4871 Ibernit,
1003 4809 1142 4876 provincius
1163 4805 1311 4874 principalis
1333 4819 1390 4869 qus
1401 4807 1530 4870 respectat
1541 4803 1575 4854 ad
