3736 6054
280 835 360 885 cnr.
376 817 425 906 a]
632 833 813 883 aroucam
828 835 899 883 rao
914 835 1101 883 umanum.
1431 822 1474 885 49

280 1013 384 1056 rarum
399 988 538 1056 latibulis
552 993 713 1069 muetos?
730 991 817 1057 nullo
832 990 979 1057 intereos
994 1013 1068 1056 cum
1082 989 1151 1056 aliia
1164 990 1311 1080 gentibus
1324 1015 1475 1057 commer-

280 1079 331 1144 cio
342 1077 627 1156 mercimoniorum,
639 1085 692 1142 dre.
739 1077 774 1144 si
789 1077 834 1145 ita
848 1089 905 1155 est,
921 1077 1040 1165 decipit
1054 1100 1125 1143 suos
1138 1077 1269 1144 lectores
1283 1077 1475 1144 Guilielmus

280 1163 516 1252 Neubrigensis,
530 1162 585 1229 lib.
602 1162 677 1228 ide
691 1166 784 1233 rebus
799 1163 956 1252 Anglicis‚
972 1187 1039 1252 cap.
1055 1165 1109 1243 26,
1123 1165 1178 1252 qui
1192 1163 1227 1230 in
1240 1164 1316 1252 ipsis
1330 1165 1391 1229 tuis
1410 1165 1476 1230 die-

279 1253 342 1318 bus
366 1262 472 1317 tecum
498 1262 531 1316 et
552 1249 612 1317 tibi
633 1263 725 1316 notus
739 1251 824 1316 vixit
845 1275 881 1317 ac
897 1250 1030 1340 scripsit,
1053 1252 1140 1337 quod
1161 1251 1280 1318 nemini
1295 1251 1474 1339 Anglorum

280 1337 330 1404 sui
345 1337 406 1402 avi
422 1335 493 1420 (sed
503 1360 606 1423 neque
621 1337 691 1416 tibi,
714 1337 865 1426 Gyrslde‚
880 1337 906 1402 si
921 1361 1031 1404 verum
1045 1337 1196 1404 voluisses
1210 1336 1314 1424 lateri)
1330 1338 1475 1426 ignotum

281 1436 358 1502 erat,
380 1424 414 1489 in
428 1424 496 1488 haec
510 1423 622 1489 verba:
645 1433 665 1464 ‘⁴
676 1423 835 1491 Hauricus
850 1424 895 1489 Π.
910 1424 1090 1513 Anglorum
1111 1448 1180 1504 rex,
1203 1449 1285 1490 anno
1302 1427 1396 1503 1172,
1419 1449 1477 1490 ex-

279 1524 453 1600 pugnatam
475 1533 556 1576 anno
566 1510 683 1662 priore,
706 1535 725 1576 a
744 1511 859 1577 comite
874 1510 1033 1576 Richardo
1055 1510 1117 1578 sni
1165 1511 1210 1590 ‘ll‚
1231 1511 1374 1577 invasore
1390 1511 1475 1577 lber-

281 1597 353 1676 niae‚
379 1595 512 1663 extorsit
525 1620 567 1661 no
589 1597 665 1664 ilem
693 1596 854 1664 civitatem
880 1596 1087 1677 Duvelinum,
1112 1535 1334 1686 ffiirblinium)
1363 1599 1475 1665 urbem

280 1683 480 1763 maritimam,
491 1683 587 1750 totius
598 1683 732 1750 Iberniae
743 1683 953 1773 metropolim,
964 1696 1057 1773 portu
1080 1709 1120 1750 ue
1134 1684 1337 1752 celeberrimo
1347 1684 1383 1750 in
1393 1709 1476 1752 com·

282 1770 406 1838 merciis
420 1783 453 1836 et
467 1768 701 1851 commeatibus,
716 1783 891 1838 nostrarum
912 1771 1057 1836 aemulam
1121 1771 1326 1851 ndiniarum,”
1346 1771 1475 1872 Angliae

283 1857 370 1925 urbis
384 1858 543 1937 maximae,
558 1856 728 1938 ditissimae,
765 1857 972 1938 ulcherrimae,
982 1857 1249 1958 frequentissima.
1293 1857 1364 1947 lpse
1379 1873 1475 1924 etram

281 1967 339 2010 nos
360 1943 523 2033 decepisti,
548 1943 605 2030 qui
626 1943 681 2010 lib.
698 1946 716 2009 1
734 1881 870 2033 lopogr.
888 1969 924 2010 ca
950 1953 1004 2025 .5,
1027 1968 1070 2011 src
1092 1945 1217 2012 scribis:
1239 1945 1358 2010 “Vina
1378 1958 1477 2011 trans·
1573 1999 1576 2004 .

281 2030 403 2097 marina
415 2031 538 2097 ratione
552 2029 733 2098 commercii
747 2043 812 2097 tam
827 2033 910 2098 abun
933 2033 1079 2098 dtemam
1103 2031 1268 2120 (Iberniae)
1284 2031 1417 2120 replent,
1439 2047 1476 2098 ut

280 2116 340 2183 vix
354 2117 544 2208 propaginis,
559 2119 729 2206 proventtis
751 2142 791 2185 ue
806 2118 954 2184 naturalis
968 2117 1004 2183 in
1018 2117 1124 2206 aliquo
1140 2117 1298 2186 defectum
1312 2119 1474 2219 percipias.

282 2203 426 2271 Pictavia
448 2204 534 2271 enim
560 2204 705 2294 (Gallim)
727 2143 767 2270 de
789 2205 988 2296 plenitudine
1009 2229 1075 2284 sua,
1097 2204 1128 2271 ei
1150 2204 1277 2294 copiosa
1290 2229 1366 2270 vrna
1380 2219 1476 2271 trans-

280 2291 391 2370 mittit,
397 2291 449 2357 cui
458 2304 490 2357 et
501 2290 683 2357 animalium
693 2291 788 2371 coria,
794 2304 827 2358 et
837 2292 994 2380 pecudum
1000 2293 1197 2378 ferarumque
1203 2306 1335 2380 tergora,
1348 2293 1476 2358 Ibernio

157 2383 162 2398 ⁸
280 2401 346 2444 non
370 2378 494 2466 ingrata
518 2377 675 2445 remittit.”
742 2378 792 2445 De
814 2384 927 2445 caeteri
947 2380 1089 2446 barbarie
1112 2401 1207 2465 quam
1236 2380 1359 2480 silingis
1387 2379 1476 2467 genti

280 2465 341 2545 illi,
357 2465 397 2531 ad
411 2465 636 2531 obstruendum
650 2464 709 2531 tibi
725 2489 769 2545 os,
791 2489 876 2532 nunc
890 2466 1108 2532 nonoccurrit
1121 2465 1316 2533 commodius
1330 2466 1415 2553 quod
1429 2490 1476 2532 re·

280 2552 461 2640 spondeam,
475 2551 537 2617 nisi
553 2552 739 2619 Ibernorum
753 2552 874 2618 nationi
896 2553 937 2620 ad
958 2565 1133 2620 extremam
1152 2552 1239 2619 illam
1254 2576 1273 2618 a
1286 2565 1319 2619 te
1340 2553 1438 2619 deseri
1464 2591 1475 2604 ·

280 2651 346 2705 tam
360 2637 535 2707 barbariem
549 2661 683 2718 morum,
704 2639 763 2705 vix
778 2637 910 2706 defuisse
925 2639 1013 2706 aliud
1027 2641 1121 2726 quim
1136 2639 1277 2727 linguam
1292 2651 1379 2706 tuam
1394 2577 1475 2706 mall

280 2737 444 2805 moratam,
466 2739 498 2791 et
533 2725 604 2792 land
618 2725 790 2814 ignobilem
805 2750 842 2793 sc
864 2725 1051 2814 degenerem
1066 2749 1085 2791 a
1099 2725 1265 2812 Trojanis
1350 2725 1409 2790 inis
1431 2739 1477 2790 at-

281 2836 344 2900 que
359 2811 456 2878 animi
469 2750 650 2890 nolilitate3
667 2837 761 2898 quam
776 2825 941 2899 utramque
956 2813 990 2877 in
1004 2818 1129 2899 quique
1143 2813 1224 2899 pand
1238 2834 1319 2900 page
1332 2812 1363 2877 li
1373 2812 1476 2897 jactas

281 2913 315 2964 et
328 2923 482 2982 asseveras
506 2912 538 2965 te
562 2899 736 2965 hereditate
759 2899 927 2987 possidere,
953 2913 989 2965 ut
1014 2911 1085 2987 post
1109 2901 1254 2964 monebo.
1298 2897 1384 2964 Vide
1398 2900 1474 2963 vero

282 2985 489 3066 Gambrensis,
512 2998 566 3051 aut
602 2985 720 3072 uisquis
734 3009 766 3052 es
781 2987 849 3072 ejus
864 2986 1042 3064 advocatus,
1063 3009 1103 3050 an
1117 3008 1180 3050 non
1194 2984 1230 3050 in
1243 2985 1347 3074 ipspm
1361 3009 1475 3052 conve·

280 3072 370 3138 uiant
384 3096 454 3160 quae
468 3085 562 3162 poeta
576 3010 768 3139 dmdentius
783 3073 817 3138 in
832 3071 950 3138 similes
964 3081 1121 3139 cecinerat
1128 3097 1180 3137 :—

508 3227 596 3293 “lpsa
606 3229 656 3280 sibi
666 3233 706 3280 est
716 3228 798 3280 hostia
809 3228 923 3288 vesania,
937 3228 1134 3292 sequestrando
1144 3227 1280 3288 interimit,

506 3293 672 3358 Moriturqus
683 3295 737 3346 suis
747 3296 789 3345 ira
799 3295 876 3358 ignea
886 3294 972 3346 telia’·

281 3427 364 3496 Nam
379 3429 506 3496 eosdem
517 3429 658 3508 Ibernos,
673 3428 786 3496 eodem
799 3441 941 3517 tempore
956 3439 989 3494 et
1003 3427 1134 3507 saeculis,
1146 3427 1191 3494 ait
1204 3427 1303 3494 hostis
1317 3427 1478 3516 Gyraldus

281 3531 315 3581 et
328 3516 500 3583 abundi-sse
515 3528 548 3582 et
562 3515 696 3582 caruisse
711 3515 904 3596 civitatibus,
919 3515 1125 3593 commerciis,
1141 3523 1197 3581 dre.

324 3603 448 3669 Veritm
463 3627 506 3668 ex
520 3603 580 3668 ista
602 3603 793 3691 digrcmione
815 3626 849 3669 re
906 3603 976 3669 dior
997 3603 1038 3668 ad
1058 3625 1136 3680 rem,
1159 3613 1253 3688 atque
1279 3602 1320 3667 ad
1333 3600 1476 3668 refellen-

281 3689 366 3770 dam,
381 3701 417 3755 ut
431 3689 570 3778 promisi,
592 3688 807 3778 gravissimam
828 3688 840 3754 i
866 3713 917 3755 am
939 3687 1130 3755 calumniam
1146 3687 1292 3788 Gyraldi,
1315 3687 1436 3766 aientia,
1459 3713 1478 3753 a

281 3776 393 3844 diebus
409 3775 440 3843 S.
453 3775 579 3843 Patritii
593 3789 626 3842 et
639 3801 696 3866 per
710 3789 831 3877 septem
844 3775 910 3842 fert
924 3776 1029 3842 secula
1043 3787 1214 3861 sequentia,
1229 3775 1263 3840 in
1278 3773 1404 3840 Ibernit
1419 3774 1477 3840 vix

280 3863 452 3964 vestigium
469 3862 655 3930 Christianae
677 3863 754 3928 fider
781 3875 835 3928 aut
851 3861 1018 3964 ⁸religionis
1041 3861 1154 3961 visum,
1169 3861 1229 3926 nisi
1250 3861 1330 3928 sorte
1355 3860 1477 3962 nudum

280 3949 952 4136 tractatorium
965 3947 1477 4136 terrenitatis:

280 4146 342 4224 que
356 4124 409 4190 vel
432 4123 535 4190 tenuis
548 4123 662 4190 notit1a
683 4124 932 4190 rudimentorum
947 4122 1022 4188 fider
1038 4121 1228 4202 Gathohoae3
1251 4146 1368 4198 omma,
1391 4145 1477 4209 spur-

279 4210 380 4290 crties‚
403 4209 535 4300 flagitia,
557 4210 756 4278 etmalorum
770 4234 857 4276 mare
871 4233 1038 4297 magnum3
1061 4209 1162 4274 donec
1176 4209 1304 4298 caeperit
1325 4207 1477 4296 effulgere

333 4321 347 4362 s
363 4297 469 4385 aliqua
482 4296 558 4364 boni
573 4300 744 4387 proventiia
757 4309 790 4364 et
803 4296 1031 4363 reformationis
1044 4319 1167 4361 morum
1182 4307 1276 4396 atque
1292 4295 1477 4363 Christianae

277 4319 366 4463 illei,
388 4397 575 4474 procurante
597 4383 823 4473 triumphatore
838 4399 870 4450 et
892 4395 1109 4472 expugnatore
1125 4382 1259 4448 lbermae
1274 4381 1415 4449 Henrico
1431 4381 1475 4447 H.

280 4470 336 4535 An
360 4471 461 4536 lorum
484 4495 567 4560 rege.

325 4495 406 4624 limo
429 4558 552 4644 aliaque
574 4557 752 4646 Gyraldus;
783 4581 879 4644 quern
901 4557 1065 4624 evidenter
1089 4556 1199 4623 erroris
1223 4555 1420 4634 convincam,
1442 4555 1477 4620 in

280 4643 390 4732 primis
404 4644 583 4711 testimonio
595 4643 792 4711 conscientiae
819 4667 892 4724 suae,
914 4657 947 4710 et
960 4643 1023 4709 fide
1049 4642 1174 4709 oculati
1195 4643 1383 4731 scriptorum
1403 4639 1477 4706 alio·

280 4753 361 4809 rum,
406 4732 440 4797 ui
463 4745 615 4798 testantur
629 4732 669 4797 de
685 4744 766 4797 statu
787 4731 843 4797 reli
869 4731 950 4797 'onis
964 4744 997 4796 et
1012 4728 1184 4797 Catholicae
1199 4729 1274 4795 fidei
1290 4729 1324 4793 in
1340 4727 1476 4808 Ibernit,

280 4817 356 4906 ipsis
366 4756 429 4884 illis
440 4819 529 4884 annis
539 4832 572 4884 et
580 4819 686 4884 seculo
697 4842 760 4904 quo
774 4756 902 4884 viveilat
914 4815 1122 4895 Cambrensis,
1132 4816 1246 4882 deinde
1258 4815 1367 4881 ordine
1381 4826 1478 4880 retro·

281 4905 454 4992 gradiendo
466 4904 627 4994 sigillatim
639 4905 810 4985 ostendam,
822 4904 953 4994 singulis
967 4904 1077 4970 seculis
1092 4902 1309 4970 aOambrense
1324 4925 1423 4989 usque
1438 4901 1479 4968 ad
