3772 6008
305 819 383 867 oar.
399 805 495 882 vnn]
651 814 828 866 aroucam
850 817 922 867 rao
937 817 1123 866 amanum.
1149 833 1152 836 ·
1462 805 1504 870 97

306 973 507 1040 tmneliosum
522 972 557 1038 in
570 970 774 1038 christianum
789 983 821 1036 et
835 973 998 1039 catholicae
1018 972 1093 1038 fidei
1117 974 1343 1039 tenacissimam
1365 981 1502 1062 gentem.

307 1060 430 1126 Audite
456 1059 603 1138 fabulam,
630 1072 662 1123 et
687 1059 897 1147 obstupescite
922 1061 978 1147 qui
1003 1059 1118 1148 legitis.
1163 1059 1310 1125 Titulum
1335 1075 1437 1149 caput.
1461 1064 1503 1129 25

310 1147 402 1237 pouit
415 1147 510 1212 istum
536 1153 555 1185 ‘⁶
566 1144 618 1210 De
632 1168 716 1210 novo
738 1158 771 1211 et
792 1147 911 1212 enormi
934 1145 1033 1234 regni,
1049 1145 1245 1232 dominiique
1259 1146 1503 1214 confirmationis

308 1233 402 1300 modo
428 1231 513 1322 apud
542 1231 697 1299 Ibernos.”
740 1231 865 1320 Pergit:
903 1233 1019 1300 “Sunt
1047 1233 1143 1298 etiam
1173 1233 1315 1318 quasdam
1345 1258 1415 1320 quae
1443 1235 1504 1300 nisi

308 1319 445 1386 materiae
475 1341 582 1384 cursus
611 1330 785 1406 expeteret,
814 1320 936 1407 pudor*
977 1319 1137 1385 reticenda
1159 1318 1375 1407 persuaderet;
1405 1321 1506 1410 turpis

310 1408 395 1473 enim
410 1405 456 1471 rei
471 1417 567 1493 gestae
582 1405 718 1470 narratio
734 1405 758 1491 (⁸
772 1406 944 1505 praesertim
964 1407 1127 1493 mendax')
1151 1429 1341 1492 quamquam
1363 1408 1507 1494 praeferat

310 1507 409 1559 artem
425 1501 450 1576 (ι
459 1515 564 1579 quam,
578 1515 696 1570 revera,
712 1504 767 1556 tua
780 1505 840 1558 ista
853 1493 988 1558 narratio
1003 1516 1068 1558 non
1082 1492 1216 1580 praefert,
1239 1517 1304 1558 non
1325 1493 1444 1645 sapit'p1
1453 1495 1505 1560 de·

309 1591 481 1645 monstrare
503 1591 609 1644 tamen
630 1577 756 1644 videtur
778 1577 938 1645 artificem.
982 1579 1221 1657 Verumtamen,
1238 1579 1388 1666 quoniam
1434 1581 1507 1646 'sto-

312 1665 366 1732 riae
381 1665 529 1731 severitas
542 1687 602 1731 nec
616 1664 742 1730 veritati
756 1687 882 1764 parcere
897 1665 988 1732 novit
1010 1667 1034 1753 (ι
1043 1689 1113 1752 quse
1134 1665 1169 1730 in
1184 1679 1226 1744 te,
1242 1678 1279 1730 ut
1293 1678 1430 1754 apparet,
1445 1667 1508 1732 fuit

310 1752 511 1842 parcissima)
527 1775 586 1817 nec
601 1751 798 1818 verecundus
814 1751 899 1838 (‘cui
908 1751 1098 1839 jamdudum
1119 1751 1235 1818 videris
1257 1751 1407 1818 remisisse
1428 1776 1507 1818 nnn·

311 1839 415 1938 tium')
442 1837 632 1904 circumcisis
657 1837 752 1903 labris
777 1860 826 1903 res
847 1838 1013 1904 inhonesta
1037 1838 1154 1926 poterit
1177 1843 1309 1904 venusta
1337 1840 1506 1906 verborum

311 1924 499 1991 vermslitate
512 1925 536 2011 (‘
544 1924 662 2012 prisce!
677 1924 855 2012 eleganter!
870 1924 1052 2003 vermiliter,
1061 1925 1191 1991 venuste
1214 1949 1254 1990 ue
1265 1949 1377 1991 sonans
1385 1925 1507 1992 Latinis

311 2012 437 2078 auribus
450 2012 608 2098 verbum')
624 2010 776 2098 depromi.
831 2012 891 2078 Est
904 2011 1001 2100 igitur
1024 2011 1120 2163 {nisi
1140 2023 1177 2076 tu
1192 1949 1309 2096 lallas’)
1333 2012 1367 2077 in
1388 2012 1508 2078 boreali

312 2113 346 2164 et
358 2097 507 2163 ulteriore
522 2097 662 2164 Ultoniae
676 2109 775 2185 parte,
791 2097 912 2164 scilieet
926 2098 1009 2186 apud
1058 2097 1129 2163 enel
1146 2097 1257 2176 (tonet,
1273 2122 1350 2186 gens
1364 2100 1511 2184 quadam

335 2209 383 2249 nae
397 2185 529 2250 barbaro
543 2183 637 2248 nimis
651 2196 684 2249 et
698 2184 901 2251 abominabili
915 2185 979 2249 ritu
1000 2183 1044 2250 sic
1065 2183 1126 2250 sibi
1148 2207 1256 2272 regem
1277 2208 1382 2250 creare
1403 2186 1508 2264 solet.†

314 2208 456 2338 deflecto
471 2271 507 2336 in
520 2270 712 2348 universum,
727 2271 791 2335 unb
809 2271 928 2359 populo
949 2283 1039 2336 terra
1060 2270 1156 2350 illius,
1177 2271 1212 2336 in
1233 2271 1375 2336 medium
1395 2273 1509 2360 produ·

313 2357 396 2424 citur
405 2358 587 2444 jumentum
602 2355 837 2457 candidumad
851 2358 946 2444 quod,
961 2357 1176 2423 sublimandus
1197 2355 1262 2437 ille,
1284 2381 1350 2423 non
1370 2357 1405 2422 in
1425 2359 1510 2446 prin·

315 2443 429 2532 eipem,
439 2444 494 2510 sed
504 2445 539 2508 in
547 2443 695 2522 belluam,
710 2467 775 2508 non
788 2467 823 2508 ιιι
836 2447 954 2532 regem,
970 2444 1026 2510 sed
1038 2444 1072 2508 in
1083 2444 1156 2509 exle
1177 2465 1239 2522 em,
1251 2468 1354 2510 eoram
1365 2445 1510 2512 omnibus

314 2531 487 2598 bestialiter
500 2531 661 2609 accedens,
683 2552 747 2594 non
761 2531 867 2596 minias
888 2530 1097 2618 impudenter,
1121 2554 1165 2616 qu
1238 2529 1455 2619 imprudenter
1476 2555 1510 2598 se

315 2641 441 2705 quoque
455 2617 588 2684 bestiam
623 2615 794 2694 rofitetur.‡
838 2617 884 2682 Et
897 2616 1002 2683 statim
1012 2618 1160 2702 jumento
1181 2617 1357 2696 interfecto,
1379 2630 1412 2683 et
1431 2619 1510 2684 frus·

313 2704 405 2769 tatim
427 2703 462 2768 in
487 2707 570 2790 aqui.
593 2640 733 2781 decocto,
757 2703 791 2768 in
817 2705 927 2770 eadem
949 2709 1040 2790 aqui,
1064 2703 1211 2768 balneum
1237 2703 1267 2768 ei
1321 2715 1433 2783 aratur,
1457 2705 1510 2770 cui

313 2789 453 2857 insidens
466 2791 506 2856 de
521 2789 666 2856 carnibus
679 2789 742 2854 illis
763 2789 822 2856 sibi
844 2789 954 2869 allatis,
978 2791 1197 2856 circumstante
1219 2728 1337 2877 populo
1359 2813 1414 2856 suo
1438 2793 1453 2874 (
1474 2789 1510 2855 ui

314 2877 435 2943 scilicet
447 2876 579 2955 nudum,
595 2899 703 2942 omnes
715 2889 848 2942 cernunt
861 2900 953 2942 suum
963 2877 1085 2964 regem)
1098 2887 1131 2941 et
1141 2889 1356 2954 convescente,
1372 2899 1461 2942 come
1485 2876 1511 2942 ‘t

315 2975 348 3030 et
361 2962 454 3052 ipsel
500 2963 551 3030 De
568 2963 642 3048 jure
656 2962 756 3028 carnis
770 2987 895 3049 quoque
911 2987 973 3049 quo
988 2963 1133 3042 lavatur,ll
1150 2985 1215 3027 non
1229 2985 1301 3029 vase
1316 2962 1432 3048 aliquo,
1446 2987 1511 3029 non

314 3073 421 3129 manu,
437 3049 561 3116 sedere
585 3051 708 3115 tantum
722 3049 885 3135 circumqu
926 3071 966 3113 ue
990 3047 1096 3114 haurit
1121 3061 1154 3114 et
1177 3047 1269 3114 bibit.
1314 3049 1439 3130 Quibus
1465 3049 1511 3115 ita

314 3136 385 3216 rite,
395 3160 460 3202 non
470 3137 554 3202 recte
565 3135 738 3224 completis,
753 3160 886 3224 regnum
899 3135 911 3200 i
924 3135 984 3201 lius
995 3147 1028 3202 et
1038 3134 1213 3202 dominium
1224 3147 1272 3200 est
1282 3137 1509 3216 confirmatum,

316 3222 397 3301 Imo,
419 3223 558 3289 maxime
579 3223 624 3286 im
647 3222 746 3288 udens
766 3222 966 3289 mendacium
987 3234 1088 3301 tuum,
1111 3221 1197 3308 quod
1218 3221 1270 3287 vel
1292 3223 1415 3288 tantum
1435 3223 1513 3289 reci-

315 3314 395 3375 rasse
419 3320 466 3374 est
485 3247 649 3375 manilesss
670 3309 829 3387 refutasse,
851 3321 888 3374 ut
908 3309 948 3375 de
970 3309 1111 3374 absurdis
1132 3308 1321 3394 quibusdam
1343 3309 1511 3376 haeresibus

315 3396 375 3462 scri
413 3395 438 3460 't
451 3395 527 3460 olim
543 3395 766 3462 Tertullianus.
800 3397 914 3483 Neque
929 3396 1014 3462 enim
1028 3419 1150 3462 neeesse
1165 3395 1300 3461 babeoo
1322 3418 1437 3484 ponere
1452 3396 1510 3461 im-

315 3419 448 3572 pusilla
463 3482 628 3548 calumniae
641 3480 704 3563 isti,
720 3505 790 3569 quse
804 3483 911 3571 aperte
925 3481 1089 3571 scripserat
1109 3482 1148 3547 Β.
1164 3482 1286 3548 Bernar
1309 3505 1356 3561 us,
1386 3482 1422 3548 in
1445 3482 1512 3548 vita

348 3709 365 3738 θ
381 3706 440 3769 Quo
450 3705 519 3758 certi
530 3712 649 3758 caruem
660 3707 775 3760 mamus
785 3711 856 3767 tuns,
872 3709 897 3762 0
909 3709 1028 3762 camber.

348 3771 416 3836 tiit
434 3777 522 3823 tamen
539 3787 592 3823 non
610 3773 730 3824 meminit
748 3775 804 3838 ipse
823 3775 962 3838 Gyrsldna
982 3789 1009 3825 se
1024 3775 1052 3823 in
1071 3787 1118 3823 suo
1135 3771 1180 3822 lib.
1199 3771 1225 3831 2,
1247 3771 1362 3823 Vatinia.
1375 3772 1444 3824 Hist.
1458 3774 1512 3825 sivo

316 3836 436 3900 uxpugn
450 3837 567 3897 Ibernira,
581 3853 636 3902 cap.
651 3839 682 3889 16
694 3845 721 3890 et
735 3838 772 3897 17,
792 3839 831 3889 ita
846 3853 952 3890 narrare
970 3839 1040 3902 quod
1058 3843 1085 3888 et
1104 3852 1204 3901 semper
1221 3835 1274 3887 init
1291 3839 1422 3888 universas
1440 3839 1513 3901 genti

317 3901 470 3952 ihernorum
478 3903 640 3953 notissimum
648 3905 832 3967 experimento,
843 3903 921 3966 quim
929 3918 983 3954 svo
990 3902 1099 3967 Gyrsldi
1106 3901 1184 3964 quam
1191 3902 1371 3961 anterioribus,
1379 3903 1514 3954 Ultonism

316 3972 399 4016 totam
422 3967 470 4016 uni
487 3967 592 4018 mutum
610 3969 726 4032 puniisse
745 3969 809 4031 regi,
831 3983 883 4018 non
899 3969 1039 4018 admittens
1057 3967 1164 4017 alterius
1180 3969 1249 4030 regis
1268 3969 1436 4027 consortium,
1453 3968 1513 4018 edm

317 4031 402 4095 portio
413 4030 459 4081 illa
469 4037 597 4082 terrarum
608 4033 692 4083 Kenel
703 4033 778 4086 conii
789 4045 842 4092 non
853 4033 889 4084 sit
898 4034 941 4084 vel
951 4032 1058 4092 decima,
1078 4032 1123 4083 sed
1141 4031 1188 4082 vix
1206 4031 1357 4082 duodecima
1374 4047 1435 4096 pars
1453 4047 1512 4098 pro·

317 4097 409 4147 vincio
421 4097 476 4146 sive
487 4097 562 4159 regni
568 4098 690 4148 Ultoniss.

318 4223 336 4275 h
351 4159 384 4276 {e
383 4161 434 4212 Dic
441 4161 563 4224 aliquem,
573 4162 664 4214 saltem
676 4162 759 4223 dico
772 4162 902 4228 Gyraldel
919 4161 1030 4215 colorem
1040 4162 1110 4221 reri;
1127 4159 1254 4212 mmfalsi
1264 4175 1323 4224 qna
1330 4161 1511 4223 moddnarrss,

338 4240 353 4275 a
384 4231 422 4276 nt.

350 4291 366 4356 §
382 4291 474 4352 Itaque
484 4305 573 4342 omues
583 4306 644 4342 eum
654 4306 715 4354 rege
724 4291 796 4344 nudo
811 4296 953 4343 vescuntur
968 4292 1089 4343 carnibus
1104 4291 1223 4354 equinis?
1240 4294 1359 4341 secutus
1375 4296 1403 4343 et
1417 4293 1513 4344 mentis

316 4369 421 4419 compos
431 4356 482 4406 ista
492 4356 625 4420 scripsisti,
639 4357 663 4408 Ο
675 4357 803 4410 camber?
819 4363 847 4408 et
858 4357 905 4420 qui
920 4357 963 4407 vel
977 4358 1072 4408 micam
1087 4356 1183 4407 mentis
1198 4355 1320 4420 possidet,
1337 4361 1415 4421 putas
1431 4357 1513 4408 oredi-

319 4426 409 4470 turum
421 4421 471 4470 ista
480 4421 513 4471 de
524 4427 601 4483 gente
608 4420 757 4474 chmsdanit.

352 4483 362 4550 l
380 4485 488 4535 Utinam
499 4487 547 4536 tibi
558 4487 609 4536 ista
619 4486 741 4538 scribenti
752 4485 876 4536 sdffisset
890 4500 954 4537 cura
970 4486 1013 4537 rel
1031 4487 1099 4537 bona
1114 4486 1236 4549 cogitatio
1245 4485 1278 4536 de
1293 4484 1354 4548 jure
1373 4485 1461 4536 divino
1472 4486 1515 4537 vel

318 4549 440 4606 hnmano,
462 4564 515 4601 non
537 4551 576 4600 its
595 4551 670 4602 boile
691 4552 851 4615 perrupisset
870 4550 933 4614 jura
953 4551 1100 4602 christiana
1121 4551 1265 4610 absumtis,
1288 4557 1316 4601 et
1334 4551 1463 4609 veritatis,
1486 4552 1514 4601 in

317 4613 453 4664 lacerami
471 4613 538 4665 boni
556 4615 626 4666 lamb
644 4617 757 4666 nationis
774 4616 928 4675 christianas,
948 4617 981 4668 de
999 4615 1059 4678 qui,
1077 4631 1136 4680 qun
1153 4629 1251 4674 narras,
1265 4615 1367 4666 etiamsi
1378 4616 1514 4666 verissima

319 4683 412 4737 essem,
426 4679 536 4730 atcerte
547 4679 684 4730 misissima
694 4687 763 4740 sunt,
776 4681 859 4732 celare
869 4682 985 4738 debebas,
995 4681 1154 4745 siproximos
1164 4680 1261 4731 rideris
1271 4679 1338 4730 velle
1349 4695 1436 4731 amare
1447 4681 1516 4730 sicut

319 4747 345 4794 te
367 4743 470 4807 ipsum;
498 4746 601 4806 quando
618 4746 757 4796 necessitas
775 4760 828 4796 non
846 4751 951 4809 urgeret
969 4745 1121 4810 propalandi
1140 4747 1204 4797 adeo
1220 4743 1343 4802 enormia,
1365 4759 1423 4806 qua
1442 4745 1515 4795 nulla

319 4809 391 4858 natio
402 4809 471 4859 orbis
482 4808 514 4859 de
524 4809 625 4860 Ibernis
635 4811 762 4868 audierat,
774 4816 914 4874 antequam
932 4815 964 4863 tu
982 4812 1032 4862 ists
1053 4811 1212 4864 incredibilia
1222 4821 1362 4874 spargeres,
1375 4823 1391 4860 a
1407 4809 1510 4860 nemine

323 4872 406 4936 (qnod
416 4873 540 4941 gaudeo)
551 4881 612 4928 ants
623 4875 665 4928 rel
675 4881 734 4941 post
745 4880 771 4927 te
782 4876 886 4928 credita
