3736 6054
254 763 334 812 cnr.
350 743 399 833 v.]
604 760 784 811 11011111
799 760 869 809 mro
885 759 1069 807 umanum.
1407 743 1449 809 53

254 918 356 1007 ruptis
377 917 531 996 carnibus,
553 913 663 982 vivido
685 917 798 995 colore,
819 917 978 1002 barbtque
999 926 1209 990 succrescente
1230 927 1449 1002 pennamerat,

257 1019 291 1070 et
304 1004 438 1092 patibuli
453 1005 540 1093 ligna
554 1003 660 1069 omnia
673 1003 845 1082 viruerunt,
861 1027 1022 1088 ramosque
1037 1025 1079 1066 cx
1091 1025 1122 1066 se
1133 999 1449 1090 floridossparserant,

256 1092 298 1156 ad
327 1104 376 1156 stu
418 1114 484 1156 rem
515 1089 753 1178 oppidanorum,
783 1090 843 1190 qui·
866 1103 993 1188 pectora
1020 1087 1239 1176 percutientes,
1268 1087 1383 1154 scelera
1411 1087 1450 1153 in

255 1178 360 1242 virum
410 1177 439 1242 ei
455 1178 588 1244 admissa
602 1189 811 1264 agnoscentes,
833 1189 956 1264 rugentr
978 1200 1014 1240 ac
1036 1174 1167 1241 solemni
1189 1180 1314 1263 pompe,
1336 1197 1451 1240 convo·

255 1263 334 1330 catis
349 1263 475 1330 aliunde
490 1287 576 1330 sacro
590 1277 674 1328 coetu
688 1263 881 1340 clericorum,
905 1277 938 1328 et
949 1261 1153 1327 multitudine
1166 1284 1209 1349 po
1231 1262 1364 1338 ulorum,
1379 1285 1450 1348 pro·

256 1351 404 1418 cedentes
418 1351 458 1416 ad
473 1350 660 1440 patibulum,
676 1373 788 1438 corpus
801 1364 943 1431 sanctum
965 1349 1185 1437 deposuerunt,
1207 1286 1451 1414 lionorilicentis·

256 1437 335 1502 sime
350 1461 422 1504 cum
432 1438 560 1506 canticis
572 1436 772 1502 colloctrunt.
815 1436 895 1502 Inde
906 1441 1013 1524 postea
1022 1435 1204 1500 translatum
1219 1435 1259 1500 ad
1273 1433 1451 1500 coenobium

256 1524 353 1590 totius
366 1523 503 1590 Austriae
516 1523 711 1624 praecipuum
727 1523 909 1602 Melicense,
922 1545 991 1609 quae
1002 1522 1162 1610 sepultura
1175 1535 1222 1587 est
1236 1520 1450 1600 archiducum,

257 1611 385 1690 ducum,
407 1611 623 1676 marchionum
645 1609 782 1675 Austriae
803 1623 836 1675 et
856 1609 1095 1697 imperatorum
1117 1609 1174 1676 ubi
1194 1610 1229 1673 in
1250 1607 1319 1674 loco
1340 1607 1451 1674 decen·

256 1696 376 1764 tissime
377 1697 564 1849 Ιί1811111111,
586 1697 621 1762 in
642 1698 752 1764 tumbt
772 1696 923 1785 praetiosa,
945 1719 1044 1781 usque
1065 1695 1160 1762 hodie
1181 1707 1288 1761 manet
1309 1705 1341 1760 et
1355 1693 1452 1760 micat

256 1808 378 1849 miracu
417 1836 423 1848 .

301 1871 424 1937 Eodem
438 1869 507 1959 ipso
521 1869 636 1950 seculo,
652 1869 737 1956 quod
751 1868 974 1936 Gambrensem
1017 1869 1139 1934 roximb
1161 1880 1365 1957 precesserat,
1388 1893 1451 1934 non

255 1971 363 2024 temen
377 1958 487 2024 eodem
509 1981 591 2024 anno
613 1979 675 2042 quo
699 1955 879 2036 colmanus,
905 1956 960 2022 sed
984 1893 1143 2042 aliquanto
1168 1955 1275 2035 serius,
1301 1955 1451 2022 videlicet

257 2069 340 2110 anno
354 2045 461 2110 salutis
479 2044 573 2122 1061,
588 2043 640 2108 vel
657 2045 752 2122 1066,
770 2043 802 2109 S.
813 2044 952 2109 loannes
967 2043 1143 2108 Monachus
1158 2042 1297 2121 Hiensis,
1320 2042 1452 2109 Ibernus

256 2131 429 2220 episcopus,
459 2130 521 2196 fide
543 2131 676 2209 fervens,
702 2129 825 2197 etzelo
854 2130 1062 2196 conversionis
1088 2129 1264 2198 infidelium
1293 2153 1450 2210 accensus,

256 2218 414 2318 resignato
443 2217 632 2306 episcopatu,
661 2217 794 2305 patriam
823 2218 977 2296 deserens,
1006 2217 1148 2304 perrexit
1183 2217 1224 2282 ad
1252 2215 1445 2302 aquilonares

257 2305 428 2370 mamimus
443 2303 620 2372 Germaniae
634 2317 745 2392 partes,
760 2304 901 2369 nondum
917 2303 1037 2369 Christi
1058 2302 1121 2369 fide
1142 2303 1289 2383 imbutas,
1310 2303 1345 2368 in
1366 2303 1451 2369 viam

258 2391 332 2456 vitae
344 2405 459 2457 aetema
470 2390 664 2479 dirigendam
686 2390 742 2457 ubi
756 2392 830 2456 clun
844 2391 1047 2456 convertisset
1060 2415 1124 2456 non
1134 2414 1248 2478 paucos
1263 2391 1297 2456 in
1311 2391 1449 2478 regione,

280 2503 354 2544 uam
368 2478 462 2566 prisci
476 2477 688 2556 Wandaliam,
699 2489 792 2543 vocat
805 2479 880 2544 verb
895 2490 1000 2543 nostra
1014 2490 1046 2542 et
1059 2490 1183 2566 patrum
1199 2489 1271 2542 retas
1287 2477 1450 2543 Ducatum

259 2504 578 2653 ivlichleburgensem,
609 2563 679 2651 (qui
708 2587 806 2653 prope
835 2565 913 2630 fines
938 2563 1060 2642 Daniae,
1086 2588 1150 2629 non
1173 2564 1227 2629 lon
1250 2565 1267 2628 ὲ
1293 2586 1312 2628 a
1334 2563 1451 2630 celebri

258 2652 415 2718 maritima
437 2653 515 2718 urbe
539 2651 668 2719 Lubeco
688 2651 786 2738 jacet,
810 2651 851 2716 ad
876 2651 1026 2717 orientale
1050 2650 1151 2731 littus)
1169 2588 1297 2716 tandem
1311 2674 1450 2739 compre-

258 2740 381 2818 hensus,
397 2751 431 2805 et
443 2738 579 2827 primum
602 2737 642 2802 ad
663 2737 836 2803 ludibrium
851 2737 1083 2804 circumductus
1103 2761 1161 2825 per
1181 2761 1288 2802 omnes
1310 2737 1451 2803 Wanda-

258 2826 334 2892 licas
349 2826 451 2902 urbes,
465 2825 501 2890 in
522 2848 654 2910 quarum
675 2823 807 2912 singulis
829 2823 939 2890 vivens
960 2823 1073 2902 adhuc,
1095 2837 1128 2889 et
1148 2823 1236 2888 laetus
1258 2823 1293 2888 in
1314 2822 1450 2902 Christo,

259 2911 408 2979 sustinuit
421 2911 553 2998 alicujus
567 2911 616 2976 sui
637 2911 771 2976 membri
793 2910 1008 2990 abcissionem,
1029 2910 1082 2975 hle
1104 2933 1220 2988 aurern,
1242 2909 1309 2976 illic
1331 2933 1451 2989 nasum,

261 2999 306 3065 ibi
322 2999 458 3077 oculum,
475 2998 550 3064 alibi
565 2998 662 3076 labra,
684 2997 789 3087 pedes,
811 3021 930 3075 manus,
953 3009 1030 3077 etc.;
1053 2997 1179 3062 tandem
1202 3010 1297 3084 caput
1317 2996 1352 3062 in
1372 2997 1450 3064 urbe

260 3086 404 3164 Rethrae3
430 3086 587 3173 apostolus
612 3084 687 3151 inde
709 3083 997 3172 Magnipolensium
1011 3095 1057 3149 est
1070 3095 1175 3148 noster
1189 3083 1291 3149 dictus
1305 3085 1452 3151 Joannes.

261 3172 443 3238 Michlebur
491 3171 666 3252 Germanis,
682 3170 876 3260 Magnipolis
891 3184 938 3236 est
959 3170 1090 3236 Latinis.
1137 3169 1172 3236 si
1195 3169 1360 3236 nobiscum
1381 3169 1452 3236 vix·

259 3261 343 3338 isses,
368 3197 519 3348 011511,
539 3258 688 3410 patriam,
712 3259 821 3336 vitam,
847 3270 880 3323 et
902 3258 1086 3346 martyrium
1111 3257 1206 3344 hujus
1235 3257 1332 3323 saneti
1361 3280 1451 3323 nosse

304 3350 413 3412 tuisses
426 3370 469 3412 ex
483 3345 591 3411 mutis
607 3345 662 3431 qui
677 3344 732 3410 illa
744 3343 856 3426 litteris
876 3345 1074 3423 mandarunt,
1096 3343 1179 3409 inter
1200 3369 1276 3430 quos
1298 3344 1452 3424 Adamus,

261 3371 461 3512 liemoldus,
472 3432 625 3498 Albertus
641 3431 808 3497 Krantzius
824 3431 1028 3509 Trithemius,
1050 3430 1334 3510 AmoldusWion,
1349 3431 1453 3517 quiin

258 3545 314 3586 suo
329 3519 561 3608 martyrologio,
576 3520 598 3585 J
600 3543 732 3584 oannem
746 3518 837 3606 ponit
851 3519 891 3584 ad
906 3518 991 3584 diem
1008 3519 1050 3584 10
1065 3517 1221 3585 Novemb.

302 3608 376 3674 Jam
391 3619 462 3672 ante
477 3619 508 3672 te
523 3604 642 3683 monui,
658 3605 760 3694 capite
775 3603 974 3694 praecedenti,
989 3605 1072 3672 boei
1095 3629 1129 3670 so
1140 3605 1254 3683 seculo,
1264 3628 1344 3670 anno
1359 3605 1452 3684 1014,

259 3705 297 3758 ut
311 3693 471 3759 Marianus
486 3693 594 3759 scribit
608 3691 702 3759 etiam
717 3692 866 3780 martyrio
881 3691 1028 3756 affectum
1049 3629 1216 3756 “iberniae
1226 3715 1335 3779 regem
1344 3689 1453 3757 Brien·

260 3781 360 3858 nium,
376 3779 442 3846 sive
458 3780 633 3847 Barnabam
649 3780 806 3865 (conjecto
821 3777 914 3844 fuisse
928 3792 1049 3866 patrem
1067 3777 1099 3844 S.
1116 3776 1294 3858 Colnmani,
1309 3779 1365 3863 qui
1381 3792 1452 3845 ante

258 3867 423 3936 biennium
452 3866 513 3932 fuit
541 3870 717 3966 coronatus)
749 3864 783 3930 in
805 3865 935 3952 templo,
960 3864 1088 3953 inipso
1114 3864 1165 3930 die
1195 3879 1301 3930 sancto
1316 3865 1452 3932 Veneris

260 3977 427 4055 parasceve
453 3955 495 4018 23
522 3954 603 4042 Apr.
627 3952 771 4018 mambua
797 3964 830 4018 et
854 3963 970 4030 mente,
997 3951 1042 4017 ait
1067 3950 1238 4031 Marianus,
1263 3961 1283 3992 “
1296 3952 1331 4018 in
1346 3952 1453 4019 Deum

261 4041 446 4108 mtentum.”

304 4129 388 4194 Puto
399 4128 467 4214 jam
481 4125 554 4192 satis
567 4125 643 4205 istis,
658 4149 702 4191 111
723 4124 827 4191 seculo
848 4137 904 4190 tuo
924 4124 1070 4212 proxime
1091 4125 1297 4205 antecedenti,
1343 4137 1454 4192 uatuor

259 4215 432 4298 illustribus
447 4212 611 4301 exemplis,
626 4211 732 4299 petitis
748 4214 787 4279 ab
801 4211 976 4291 eventibus,
998 4211 1053 4297 qui
1075 4211 1109 4276 in
1124 4211 1251 4278 Iberniu
1265 4149 1454 4279 1111111111

261 4302 442 4368 acciderunt
471 4323 552 4365 anno
582 4301 678 4379 1012,
710 4300 803 4377 1014,
835 4299 929 4378 1053,
962 4299 1056 4378 1006,
1087 4311 1120 4364 11
1148 4323 1191 4364 ex
1216 4299 1279 4366 fide
1306 4300 1452 4380 Mariani,

261 4388 401 4468 Beronii,
416 4386 591 4465 Helmoldi,
608 4385 760 4465 Krantzii‚
784 4397 842 4452 etc.
865 4399 1004 4452 constare
1027 4386 1061 4450 in
1082 4385 1138 4452 illd
1160 4398 1191 4452 et
1206 4399 1301 4475 gente
1315 4387 1454 4454 floruisse

262 4475 459 4543 Catholicam
488 4487 743 4560 constantemque
769 4472 877 4552 fidem,
903 4473 1030 4552 litteras,
1057 4475 1217 4562 pietatem.
1274 4475 1330 4539 Ad
1359 4499 1454 4561 quarn

261 4564 403 4628 eamdem
418 4585 486 4627 rem
500 4559 744 4628 confirmandam
758 4583 821 4626 non
836 4559 972 4625 mbltum
994 4573 1026 4626 te
1048 4585 1199 4649 premam,
1222 4561 1363 4646 quamvis
1380 4563 1453 4648 jure

260 4662 293 4714 et
307 4647 475 4715 efficaciter
489 4671 620 4735 possem,
635 4647 779 4714 omnibus
822 4669 871 4712 uae
893 4647 1054 4713 attulimus
1072 4647 1276 4736 argumentis,
1298 4661 1331 4714 et
1351 4647 1453 4736 capite

260 4737 466 4824 praecedente,
482 4735 537 4801 ubi
552 4735 797 4802 demonstratum
848 4733 882 4814 't,
897 4759 962 4800 non
975 4735 1099 4800 tantum
1115 4747 1186 4801 ante
1208 4747 1278 4800 tuos
1298 4757 1394 4800 annos
1416 4758 1451 4800 ec

260 4824 411 4902 seculum,
427 4823 482 4890 sed
497 4837 530 4890 11
543 4821 578 4888 in
591 4821 666 4911 ipsis
681 4821 743 4888 tuis
758 4821 879 4901 diebus,
901 4821 965 4888 1111
985 4834 1055 4888 tum
1077 4821 1225 4902 maxime,
1250 4821 1275 4886 si
1298 4821 1373 4888 11111
1395 4845 1452 4886 un·
