3736 6054
239 833 315 880 cnr.
332 815 398 903 111.]
574 834 773 883 varctoam
794 835 865 886 rao
888 835 1075 882 ursanum.

744 1723 844 1790 CAP.
868 1723 932 1788 III.

236 1939 546 2070 Reftyelnltltprbrpreinpiacium
559 1939 677 2003 Gyraldr',
692 1939 838 2004 spargentis
849 1940 977 1992 nerninem
994 1954 1027 1991 ex
1043 1939 1139 1991 unctis
1156 1940 1256 1992 Ibernis
1271 1940 1350 1994 hrisse
1366 1957 1436 1995 mar·

431 2021 443 2056 s
467 2042 474 2054 .

239 2195 472 2262 Dascmslca
494 2194 538 2260 ite
549 2194 757 2284 praecedente,
773 2219 841 2281 quae
852 2194 1011 2284 Gyraldus
1023 2195 1162 2260 mordaci
1173 2196 1254 2284 stylo
1264 2196 1436 2287 scripserat,

238 2307 306 2370 eap.
323 2285 376 2361 28,
392 2285 444 2362 29,
465 2219 504 2347 dl
529 2307 591 2346 suae
613 2281 712 2347 tertiae
735 2281 955 2360 distinctionis,
978 2295 1010 2347 et
1031 2307 1099 2371 cap.
1123 2285 1164 2349 55
1196 2307 1258 2350 suae
1289 2287 1432 2351 secundae

239 2369 459 2448 distinctionis,
476 2369 621 2435 adversus
635 2382 762 2457 gentem
777 2383 959 2455 sanctosque
969 2369 1032 2434 Dei
1044 2370 1183 2448 Iberncs,
1200 2383 1232 2436 ct
1247 2371 1435 2438 militantem

239 2456 358 2523 Christi
374 2456 545 2522 ecclesiam.
598 2455 785 2522 Summatim
816 2455 855 2522 ad
884 2469 1017 2542 quatuor
1045 2482 1081 2523 ca
1104 2457 1148 2522 ita
1176 2459 1316 2524 revocari
1346 2484 1436 2548 posse

236 2543 394 2623 videntur,
411 2567 480 2630 quae
495 2542 650 2631 prolixilis
665 2542 719 2608 ille
733 2541 945 2630 persequitur:
969 2553 987 2582 ‘⁶
1001 2481 1103 2624 Qubd
1111 2568 1218 2610 omnes
1232 2547 1331 2611 sancti
1346 2561 1435 2612 terrae

240 2630 330 2696 istius
347 2631 511 2717 (Ibemiae)
528 2629 716 2695 consessores
731 2643 804 2694 sunt
818 2643 850 2694 et
864 2631 969 2694 nullus
982 2645 1063 2696 mart
1100 2655 1186 2712 ,nec
1208 2631 1242 2696 in
1264 2632 1320 2698 ille
1340 2633 1436 2701 fucrit

238 2741 377 2804 unquam
393 2717 540 2784 inventus
555 2716 610 2803 qui
625 2717 686 2782 hoc
700 2718 818 2784 bonum
832 2717 957 2796 faceret,
968 2741 1032 2782 non
1053 2655 1114 2782 hle
1134 2741 1233 2804 usque
1255 2719 1295 2784 ad
1310 2721 1437 2798 unum,''

236 2817 274 2868 ut
298 2803 446 2904 loquitur,
473 2828 540 2893 cap.
567 2806 619 2870 28.
664 2803 762 2868 tertiae
786 2803 1011 2869 distinctionis:
1043 2805 1159 2904 “qubd
1190 2829 1209 2870 a
1241 2817 1381 2894 tempore
1399 2808 1432 2874 S.

236 2891 362 2957 Patriui
377 2891 481 2956 nullus
504 2891 668 2980 episcopus
692 2891 861 2976 uuquam,”
886 2915 986 2977 usque
1009 2891 1049 2955 ad
1065 2891 1131 2956 dies
1147 2891 1280 2979 Gyraldi
1307 2903 1326 2932 “
1340 2893 1435 2958 fuerit

236 2979 337 3044 bonus
348 2978 493 3066 praelatus
504 2980 729 3078 autepiscopus
743 2977 891 3042 Ibamus:
914 2977 999 3063 qubd
1014 3001 1091 3066 gens
1103 2990 1135 3042 et
1148 2978 1283 3066 populus
1298 2978 1433 3044 Iberniae

236 3067 277 3131 ab
292 3065 400 3130 iisdem
419 3065 451 3130 S.
468 3065 591 3130 Patritir
607 3064 717 3129 diebus
731 3088 829 3150 usque
844 3064 884 3128 ad
900 3063 1076 3152 Gyraldum
1098 3063 1191 3130 fuerit
1212 3065 1435 3146 crudelissima,

236 3152 445 3240 sanguinaria,
473 3151 593 3216 infide
619 3150 788 3217 christiana
812 3174 935 3250 semper
959 3149 1160 3239 tepidissima,
1186 3176 1263 3239 gens
1293 3153 1435 3218 omnium

237 3239 380 3326 gentium
395 3239 429 3304 in
444 3238 519 3304 fidei
533 3237 718 3304 rudimentis
733 3237 947 3316 incultissnna,
962 3237 1102 3304 moribus
1116 3238 1323 3337 spurcissima,
1346 3240 1435 3305 malis

236 3327 325 3404 tiosa,
339 3326 447 3404 fallax,
462 3327 596 3414 perjura,
611 3338 644 3390 et
656 3324 784 3413 flagitiis
799 3324 943 3390 omnibus
957 3323 1197 3403 involutissrma,
1219 3339 1256 3390 ut
1275 3326 1379 3412 inquit
1400 3327 1435 3392 in

237 3413 329 3478 tertib
351 3413 582 3492 distinctione*
606 3413 731 3493 “Qubd
753 3411 851 3476 sancti
875 3410 1008 3477 Iberniae
1053 3435 1094 3476 rae
1117 3412 1263 3478 omnibus
1277 3413 1440 3480 coelitibus

237 3500 301 3565 sint
315 3501 405 3588 proni
421 3501 563 3580 adirem,
580 3499 677 3564 animi
692 3499 754 3563 sint
768 3497 913 3576 vindicis,
930 3436 1115 3598 appetibiles
1128 3498 1286 3578 vindictae,
1302 3515 1334 3566 et
1348 3502 1434 3587 qubd

238 3587 375 3652 militans
396 3588 431 3652 in
447 3587 535 3652 terris
550 3585 679 3652 ecclesia
695 3585 811 3651 Christi
828 3600 909 3650 erret
923 3585 956 3648 in
968 3585 1030 3650 illis
1041 3586 1242 3674 agnoscendis
1254 3600 1286 3652 et
1297 3587 1437 3653 colendis

238 3687 385 3761 tanquam
398 3674 538 3740 sanctis.”
582 3673 633 3738 Dc
655 3687 811 3761 postremo
834 3672 937 3760 capite
960 3671 1032 3736 satis
1046 3673 1192 3738 videmur
1203 3672 1321 3738 dixisse
1331 3687 1435 3752 antea,

235 3774 348 3827 caetcra
361 3763 420 3826 vix
434 3785 533 3849 pauca
548 3759 746 3848 attingemus,
758 3783 828 3845 quse
844 3761 916 3824 clim
931 3783 1042 3845 graves
1056 3759 1179 3844 injuriae
1191 3783 1257 3825 esse
1268 3760 1435 3826 videantur

237 3849 272 3913 in
286 3849 465 3915 universam
480 3860 619 3936 gentem,
635 3847 710 3912 olim
727 3847 767 3912 de
789 3871 822 3911 re
845 3845 1013 3911 christiano
1027 3859 1059 3911 et
1069 3846 1149 3933 pene
1163 3847 1292 3935 Europa
1307 3852 1383 3928 tots,
1398 3861 1435 3913 ut

235 3935 344 4002 audies
357 3935 391 4000 in
407 3935 486 4014 loce,
502 3934 527 3999 si
543 3933 622 4000 velis
636 3933 744 4012 lector,
761 3933 841 3998 bend
856 3932 1010 4009 meritam,
1027 3957 1091 3997 non
1106 3931 1197 3998 facile
1212 3947 1285 3999 sunt
1299 3935 1435 4022 praemit·

233 4023 332 4089 tenda
361 4023 496 4100 silentio,
526 4045 566 4086 ne
595 4035 735 4086 nostrum
766 4019 925 4084 silentium
955 4019 1110 4107 quispiam
1139 4044 1322 4086 consensum
1358 4046 1432 4087 eum

235 4110 379 4199 Gyraldo
399 4109 630 4197 interpretetur.
674 4107 769 4172 Nunc
792 4108 914 4171 tantbm
936 4106 970 4170 iu
992 4107 1083 4172 tertio
1107 4106 1165 4171 isto
1188 4107 1291 4195 capite
1317 4123 1437 4188 nostro,

234 4198 409 4264 videndum
424 4210 471 4262 est
484 4195 583 4274 nobis,
600 4219 639 4259 an
654 4195 727 4258 vere
743 4193 872 4270 dixerit,
892 4217 932 4258 an
954 4196 1027 4258 verb
1050 4193 1145 4258 etiam
1167 4209 1275 4260 contra
1296 4196 1434 4262 testimo-

233 4285 325 4350 nium
340 4283 535 4350 conscientiae
549 4305 623 4361 suaa,
638 4293 671 4346 et
686 4281 816 4346 aliorum
832 4282 912 4368 pene
927 4279 1205 4346 innumerabilium
1220 4282 1347 4348 testium
1369 4307 1434 4349 non

234 4372 277 4438 de
302 4371 406 4450 trivio,
430 4371 485 4436 scd
499 4369 539 4435 de
553 4367 719 4458 praecipuis
744 4367 881 4433 ecclesiae
906 4367 968 4432 Dei
995 4367 1193 4455 scriptoribus
1215 4383 1247 4433 ct
1268 4369 1432 4450 historicis,

232 4457 516 4560 sparserit,nullum
528 4479 677 4542 unquam,
687 4477 727 4520 ne
741 4454 795 4520 vel
805 4477 904 4519 unum
916 4467 1095 4542 martyrem,
1103 4455 1208 4521 tulisse
1219 4468 1333 4522 terram
1346 4459 1433 4523 Iber·

234 4571 307 4611 ntae.
351 4544 566 4610 Assertionem
581 4567 667 4608 suam
683 4541 784 4606 modis
809 4540 954 4606 omnibus
979 4555 1107 4607 conatus
1136 4542 1335 4610 cambrensis
1360 4569 1433 4610 eon·
1484 4547 1485 4550 ’

233 4635 369 4712 firmare,
391 4632 460 4697 loco
482 4629 624 4719 palmarii
640 4642 673 4694 et
692 4627 911 4717 irrefragabilis
933 4629 1109 4717 argumenti
1130 4629 1234 4708 refert,
1257 4631 1343 4717 quod
1365 4655 1432 4718 cap.

234 4723 278 4788 32
289 4720 389 4787 tertiae
401 4717 618 4798 distinctionis,
629 4715 818 4782 inseruithis
833 4715 951 4781 verbis:
975 4726 993 4755 “
1006 4717 1078 4782 clun
1093 4715 1191 4804 igitur
1205 4717 1272 4784 haec
1284 4732 1315 4784 et
1326 4717 1432 4803 hujus-

601 4911 616 4939 *
634 4907 697 4972 Cap.
713 4907 751 4969 10,
766 4907 804 4969 19,
818 4907 859 4968 at,
873 4909 914 4968 22,
926 4907 967 4968 at,
981 4907 1022 4969 25,
1036 4907 1077 4958 28.

1278 4991 1301 5036 E
