3772 6008
414 739 456 804 98
757 752 939 802 ironeam
952 753 1024 802 sno
1038 752 1226 802 mansam.
1420 741 1514 818 [cnr.
1531 753 1609 800 rur.

415 909 591 989 Malachiae,
609 910 757 1000 (quorum
771 918 904 1009 uterque
918 907 1043 976 vixerat
1057 907 1162 976 seculo
1177 918 1243 988 tuo,
1259 907 1290 974 Ο
1306 907 1457 992 Gamber)
1474 907 1514 974 de
1529 908 1609 997 opti·

413 996 474 1062 mis
502 996 650 1075 moribus,
678 1001 795 1084 magne
822 1007 949 1083 pretate,
978 996 1080 1062 muta
1107 995 1294 1074 eruditione,
1323 995 1426 1060 studio
1454 996 1607 1062 bonarum

414 1083 660 1184 disciplinarum,
685 1106 757 1182 que
781 1081 935 1183 ilorebant
979 1171 985 1184 Ι
1000 1106 1025 1184 r·
1038 1082 1215 1192 nniversam
1241 1081 1411 1182 [bernium
1430 1081 1494 1147 illis
1507 1083 1606 1164 annis,

409 1169 1607 1354 ltttttt⁵titttt0lt¹tj,llttttlittttutltdt

411 1341 653 1410 incredibilitate
664 1342 770 1430 prodit
778 1354 833 1408 tua
843 1341 958 1408 insulse
966 1342 1048 1428 juris
1061 1355 1096 1408 et
1109 1365 1189 1408 runs
1205 1341 1309 1430 (libet,
1320 1365 1406 1408 more
1419 1353 1485 1419 tuo,
1497 1341 1606 1408 ludere

411 1429 535 1515 verbo)
551 1427 663 1495 referta
676 1428 820 1496 narratio.
879 1429 924 1494 Ilt
945 1428 1123 1495 lamentaris
1145 1439 1190 1507 tu,
1213 1428 1299 1514 qubd
1321 1428 1462 1495 Henrico
1476 1429 1522 1494 II.
1536 1429 1606 1529 regi

411 1515 602 1604 Anglorum,
617 1515 686 1581 aliis
699 1515 775 1582 viris
789 1514 993 1604 principibus,
1009 1527 1042 1582 et
1055 1513 1167 1582 media
1181 1514 1280 1593 sortis,
1292 1526 1325 1582 et
1334 1515 1448 1603 passim
1462 1515 1605 1615 plurimrs

410 1601 474 1667 tuis
488 1602 675 1682 domesticis,
691 1613 785 1688 atque
799 1601 956 1668 extraneis
969 1602 1147 1680 lectoribus,
1163 1601 1255 1668 exosi
1267 1601 1397 1668 suerum
1409 1601 1483 1668 librr
1498 1603 1556 1682 tui,
1571 1615 1605 1669 et

412 1689 465 1777 (ut
477 1689 701 1776 merebantur,)
713 1688 749 1753 in
762 1689 913 1777 angulum
929 1700 984 1754 aut
996 1711 1151 1756 carcerem
1165 1689 1316 1775 conjecti;
1331 1699 1377 1767 tn,
1389 1687 1444 1774 qui
1455 1688 1526 1754 illos
1539 1713 1605 1756 non

410 1774 583 1864 respersisti
596 1777 719 1841 tantum
732 1775 789 1841 sed
803 1788 835 1842 et
848 1774 996 1842 refersisti
1004 1787 1053 1842 tot
1061 1775 1250 1856 monstrosis,
1262 1775 1304 1841 de
1312 1787 1407 1862 gente
1417 1775 1604 1842 Ibernornm

273 1921 276 1924 .
410 1873 444 1928 et
456 1861 628 1928 manifestis
640 1860 821 1941 mendaciis,
836 1873 885 1927 tot
897 1861 991 1950 nugis
1005 1873 1038 1929 et
1051 1861 1161 1928 naeniis
1176 1861 1319 1941 Milesiis,
1334 1873 1382 1928 tot
1395 1861 1603 1929 incommodis

411 1947 481 2014 aliis
495 1948 733 2028 narrationibus,
769 1971 818 2013 uae
832 1948 992 2014 neminem
1019 1961 1147 2015 eaunun
1167 1963 1200 2016 et
1221 1948 1383 2015 cordatum
1404 1972 1469 2015 non
1489 1949 1602 2016 meritb

409 2035 561 2101 deberent
575 2034 712 2101 alienum
727 1971 895 2101 electione
909 2034 1088 2101 libellorum
1103 2047 1240 2115 tuorum,
1262 2045 1295 2102 et
1316 2059 1335 2101 a
1354 2034 1418 2102 lide
1439 2034 1509 2116 tibi,
1532 2047 1602 2102 tan-

409 2145 504 2272 qupm
518 2123 624 2273 ppobae
638 2120 1263 2273 notpdmnpton,sd1hibendbabmcere.
1309 2207 1341 2276 ,b
1438 2208 1445 2223 ι
1504 2209 1533 2276 al

407 2293 469 2360 „a
484 2231 528 2359 il
546 2207 701 2374 tell?
717 2230 809 2360 tit
833 2231 940 2360 {tlt
962 2221 1320 2448 fflmtlffi
1341 2231 1379 2361 il
1390 2227 1601 2376 iiiiii
1692 2343 1694 2348 ,

407 2393 558 2470 ternpore,
573 2380 608 2446 id
622 2392 668 2447 est
681 2380 764 2447 circa
777 2403 895 2446 annum
909 2380 962 2446 sal.
979 2383 996 2446 1
1022 2383 1075 2461 88,
1090 2381 1183 2448 frume
1204 2381 1273 2449 loca
1294 2380 1409 2484 aliqua,
1431 2394 1463 2449 et
1482 2381 1600 2450 incolas

406 2465 570 2556 indigenas
584 2467 625 2533 ad
639 2489 717 2554 quos
729 2490 891 2555 nunquam
905 2468 1085 2556 pervenerit
1104 2469 1217 2537 notitia
1236 2467 1372 2535 nomime
1393 2467 1523 2550 Glrristi,
1546 2483 1600 2535 aut

406 2553 482 2655 lidei
510 2553 696 2656 christianas,
710 2554 782 2656 'sed
809 2577 848 2621 eo
876 2565 1028 2656 tempore,
1056 2567 1122 2622 tam
1150 2555 1233 2644 ipsos
1261 2578 1331 2656 non·
1346 2579 1480 2656 paucos,
1503 2557 1599 2643 qubm

404 2663 554 2794 iliiiibi’
564 2642 779 2818 diddgdlilciim
787 2641 1405 2829 &Qudajbberiitiiimiiedqddidssido
1417 2643 1599 2795 olatiasbadl

405 2814 556 2894 ethnicos,
568 2814 609 2880 ad
624 2837 701 2901 quos
713 2837 875 2902 nunquam
930 2828 1033 2882 rvenrt
1047 2815 1227 2903 pradicatio
1241 2815 1307 2880 nlla
1319 2814 1494 2882 chrisn’anar
1508 2815 1596 2904 legis.

405 2901 512 2989 Capiti
526 2901 576 2966 illi
591 2902 632 2967 26
647 2901 782 2990 praefigit
805 2901 884 2968 (lam
906 2902 1002 2968 reneis
1023 2903 1119 2968 istum
1141 2901 1286 2968 titulum:
1330 2901 1412 2967 “De
1433 2901 1542 2968 multis
1563 2902 1597 2967 in

402 2986 506 3054 insula
521 2987 685 3076 (lbemioe)
701 3011 765 3054 non
786 2987 960 3075 baptizatis,
982 2989 1077 3054 etad
1098 3011 1176 3075 quos
1196 2988 1337 3054 nondum
1358 2987 1434 3054 fidei
1455 2989 1598 3056 doctrina

445 3072 574 3138 rvenit.”
631 3073 750 3161 Pergit,
776 3075 816 3140 ad
838 3073 1108 3141 confirmationem
1131 3075 1226 3162 hujus
1240 3075 1287 3140 sui
1302 3074 1468 3156 mendacii,
1496 3076 1596 3162 (quod

429 3158 565 3224 'storiam
586 3159 696 3226 suadet
717 3161 798 3245 esse)
825 3183 948 3228 narrare
969 3173 1153 3248 sequentem
1173 3161 1331 3242 fabellam,
1343 3161 1464 3227 dicens:
1510 3161 1596 3226 “Ad

404 3245 472 3310 haec
487 3257 602 3323 autem,
639 3245 760 3312 uamvis
775 3257 862 3313 tanto
871 3248 939 3333 jem
952 3259 1093 3336 ternpore
1107 3246 1142 3313 in
1155 3251 1238 3314 terrb
1258 3247 1317 3314 ista
1339 3247 1504 3335 (Ibemiaa)
1528 3249 1598 3313 sun·

403 3331 477 3399 data
486 3330 564 3398 fides
575 3269 763 3410 adderent,
773 3332 808 3398 in
817 3332 977 3400 nonnullis
990 3346 1096 3401 temen
1106 3334 1246 3421 ejusdem
1258 3333 1380 3424 angulis
1389 3333 1481 3400 multi
1492 3335 1596 3401 adhuc

402 3429 476 3484 sunt
488 3441 554 3485 non
568 3417 728 3507 baptisati,
743 3431 777 3485 et
790 3419 830 3487 ad
852 3442 940 3506 quos,
961 3444 1006 3487 ex
1026 3421 1172 3509 pastorali
1193 3421 1278 3510 negli
1320 3420 1397 3500 ntia,
1419 3419 1494 3487 fidei
1516 3445 1594 3488 nnn·

426 3529 498 3571 uam
512 3505 654 3572 doctrina
667 3507 820 3594 pervenit.
865 3506 999 3587 Audiri,
1015 3507 1276 3594 anautisquibns
1299 3529 1360 3586 am,
1414 3506 1474 3572 aris
1489 3520 1594 3574 tecum

403 3529 504 3680 tides)
521 3593 606 3744 ‹ppbd
620 3594 704 3672 cbm,
720 3593 980 3681 quadragesimali
995 3594 1131 3694 quodam
1155 3605 1305 3682 tempore,
1325 3595 1366 3660 ad
1428 3594 1526 3660 reales
1548 3593 1595 3659 in·

401 3679 492 3758 sulas,
516 3681 532 3768 (
568 3678 703 3768 ebrides)
720 3691 752 3748 et
766 3679 806 3747 ad
826 3679 1060 3747 inextricabrles
1082 3680 1243 3747 (lonactici
1264 3682 1357 3747 maris
1379 3679 1596 3764 (occidentalis

402 3764 553 3852 Ibemioe)
568 3768 737 3844 vastitates,
753 3765 786 3831 vi
801 3766 994 3855 tempestatis
1009 3767 1132 3855 depulsi
1146 3765 1285 3846 firissent,
1307 3767 1434 3834 tandem
1456 3766 1490 3832 in
1511 3767 1595 3834 insu-

402 3851 464 3916 lam
480 3853 647 3938 quamdam
661 3853 817 3920 modicam
832 3876 865 3920 se
879 3853 1109 3933 subduxerunt,
1132 3853 1188 3920 ubi
1203 3865 1236 3920 et
1250 3854 1454 3920 anchoramm
1477 3877 1592 3934 morsu,

402 3936 587 4026 funiumque
608 3939 790 4026 triplicium,
812 3939 876 4004 imb
898 3939 989 4006 multi
1013 3939 1122 4008 licium
1142 3939 1319 4020 tenacitate,
1343 3963 1375 4007 se
1394 3940 1453 4006 vix
1478 3942 1594 4007 retinu-

401 4035 501 4090 erunt.
554 4023 725 4092 Residente
750 4027 825 4093 verb
846 4024 929 4092 intra
948 3963 1088 4093 triduum
1109 4039 1304 4115 tempestate,
1326 4040 1359 4094 et
1372 4027 1515 4093 restruit
1529 4039 1593 4094 tam

401 4109 481 4176 aeris
495 4110 731 4197 tranquillitate,
769 4113 842 4178 ubm
857 4112 950 4179 maris
964 4113 1138 4192 serenitate,
1151 4114 1295 4202 apparuit
1305 4137 1368 4180 non
1379 4114 1490 4202 procul
1499 4113 1594 4180 facies

402 4197 564 4283 cujusdam
579 4211 678 4280 terrae,
694 4137 903 4266 eisdactenns
916 4221 1041 4288 prorsus
1054 4201 1180 4287 ignotae,
1196 4199 1236 4266 de
1251 4205 1314 4286 qut
1327 4223 1391 4266 non
1406 4201 1510 4288 longe,
1525 4213 1594 4288 post

401 4295 434 4350 et
462 4283 643 4372 cymbulam
671 4285 829 4352 modicam
857 4286 898 4351 ad
927 4309 959 4352 se
987 4285 1135 4352 viderunt
1163 4286 1380 4374 remigantem,
1419 4301 1533 4352 arctam
1560 4301 1593 4353 et

401 4371 569 4458 oblongam
584 4369 753 4439 vimineam
768 4372 907 4459 quidem,
930 4386 963 4439 et
983 4372 1074 4439 coriis
1096 4371 1277 4438 animalium
1299 4373 1390 4439 exul
1410 4387 1593 4440 contextam

401 4469 631 4544 consutamque.
677 4459 777 4526 Erant
792 4470 896 4526 autem
910 4460 945 4524 in
960 4463 997 4525 et
1011 4457 1153 4525 homines
1167 4458 1240 4537 duo,
1263 4459 1356 4525 nudis
1377 4458 1504 4523 omnino
1526 4483 1591 4523 cor·

399 4544 537 4633 poribus,
566 4556 680 4634 praeter
708 4571 800 4612 zonas
829 4546 905 4612 latas
933 4547 973 4612 de
1002 4545 1105 4610 crudis
1134 4544 1316 4610 animalium
1345 4543 1446 4620 coriis,
1476 4543 1591 4629 quibus

399 4632 638 4720 stringebantur.
683 4633 853 4700 Habebant
867 4632 960 4698 etiam
976 4631 1120 4696 Ibernico
1142 4655 1229 4696 more
1251 4653 1353 4697 comas
1372 4629 1537 4717 perlongus
1559 4643 1591 4694 et

399 4719 496 4785 flavas
510 4730 592 4785 trans
605 4719 750 4785 humeros
765 4720 919 4795 deorsum,
932 4739 1042 4804 corpus
1057 4740 1100 4781 ex
1114 4722 1229 4805 magna
1244 4730 1331 4806 parte
1346 4728 1494 4804 tegentes.
1540 4716 1592 4782 De

401 4805 514 4892 quibus
528 4807 601 4874 clun
616 4806 818 4884 audivissent,
835 4805 920 4891 qubd
935 4804 974 4868 de
990 4804 1125 4889 quddam
1143 4803 1301 4870 Conantiae
1322 4816 1410 4891 parte
1433 4815 1544 4885 essent,
1560 4815 1593 4870 et
