3736 6054
253 765 332 814 car.
348 745 400 836 v.]
602 761 1071 816 arouoemraonrssaurs.
1407 748 1449 812 tt

255 921 400 987 cordatus
422 929 454 986 et
475 928 585 986 cautus
606 918 739 1004 quisque
754 917 806 984 vel
828 941 870 984 ex
885 918 987 986 fronte
1002 915 1164 1006 cognoscit
1177 917 1366 986 calumniam
1385 944 1452 986 esse

256 1031 385 1085 meram,
397 1019 431 1073 ct
444 1005 485 1072 ad
499 1003 640 1072 omnium
654 1003 819 1070 nationum
833 1005 952 1070 animos
964 1004 1110 1070 adversus
1122 1002 1291 1084 Iberniam,
1302 1017 1452 1093 tanquam

257 1117 327 1181 quae
352 1093 528 1182 peripsema
542 1092 584 1158 sit
597 1104 651 1158 aut
672 1114 759 1160 mera
780 1103 982 1158 excrementa
996 1090 1117 1170 mundi,
1133 1090 1317 1158 excitandos
1327 1092 1366 1159 ad
1381 1092 1453 1158 vili·

257 1177 853 1334 ttlttalultllttlttl
864 1177 1453 1332 tttlthtttllllltffltttt

258 1353 404 1420 omnibus
418 1317 487 1418 turb
501 1351 549 1418 sui
563 1315 713 1441 tempbris
727 1351 858 1418 testibus
880 1351 1021 1432 oculatis,
1046 1365 1114 1416 tum
1128 1315 1237 1440 priscis
1252 1352 1453 1441 scriptoribus

258 1440 438 1530 opposuisse
460 1439 597 1529 optimis,
623 1463 696 1504 cum
711 1438 765 1517 ait,
790 1448 810 1479 “
821 1461 879 1527 per
898 1451 948 1504 tot
967 1461 1120 1504 annorum
1142 1439 1297 1505 curricula
1311 1439 1451 1506 omnium

258 1527 399 1592 maxime
413 1527 524 1592 rudem
532 1525 625 1593 fuisse
640 1537 769 1614 gentem
782 1524 870 1592 illam
883 1523 919 1590 in
932 1528 1025 1592 rebus
1035 1524 1111 1591 fidei
1122 1539 1154 1592 et
1164 1526 1326 1614 religionis
1337 1526 1453 1592 Catho-

258 1613 354 1680 hee?
397 1614 470 1701 Ego
484 1614 559 1679 verb
582 1614 692 1679 contra
716 1611 880 1698 subjiciam
904 1612 1003 1678 oculis
1026 1613 1188 1700 cujusque,
1213 1637 1278 1678 non
1300 1613 1375 1679 caeci
1398 1628 1454 1680 aut

259 1701 342 1766 male
356 1699 485 1766 animati
505 1699 540 1764 in
554 1711 682 1788 gentem
704 1699 857 1778 eamdem,
879 1699 998 1766 nullam
1012 1698 1048 1766 in
1062 1699 1215 1765 universis
1229 1700 1366 1788 Europae
1383 1724 1453 1788 pro·

260 1781 385 1888 vinciis}
405 1787 497 1888 quod·
512 1787 616 1867 sciam,
640 1799 694 1852 aut
708 1787 860 1888 quanthm
874 1809 918 1852 ex
932 1786 1067 1852 lectione
1088 1782 1296 1866 historiarum,
1312 1810 1390 1887 'que
1413 1789 1455 1854 ab

260 1871 1090 2060 atrrauuuatlrrrtae
1111 1873 1454 2028 tituletur

260 1986 347 2126 idei,
362 2061 394 2114 et
408 2048 513 2113 audio
527 2049 680 2115 bonarum
695 2046 929 2136 drscrphnarum
943 2046 1037 2114 frnsse
1052 2047 1147 2133 quim
1161 2059 1298 2136 spretam
1309 2048 1453 2114 coalum-

260 2135 379 2200 nistore
393 2134 449 2200 illo
464 2135 631 2201 Iber-niam.
677 2133 758 2215 Qua
780 2133 926 2221 adjungit
946 2133 1087 2234 epitheta
1107 2133 1299 2222 propudiosa
1311 2135 1352 2201 de
1367 2135 1453 2200 lber·

260 2223 321 2300 nis,
368 2221 432 2287 uod
446 2220 500 2288 alii
514 2245 577 2286 non
592 2221 655 2287 sint
668 2222 764 2307 quarn
786 2231 806 2260 “
816 2243 893 2309 gens
906 2220 1055 2299 bestialis,
1069 2221 1219 2300 adultera,
1241 2221 1371 2299 incesta,
1385 2220 1454 2289 ille·

260 2245 372 2397 giemi
395 2308 495 2387 nata?
519 2321 553 2374 et
566 2307 681 2374 similia
703 2319 825 2387 caetera,
849 2327 914 2374 non
927 2307 1076 2374 videntur
1097 2307 1177 2375 mihi
1203 2308 1301 2397 digna
1323 2307 1453 2375 meliore

260 2395 448 2462 refirtatione
465 2394 537 2472 alit,
552 2396 648 2482 quam
661 2393 748 2460 nude
761 2393 988 2461 virulentorum
998 2395 1166 2461 verborum
1181 2395 1361 2462 eorumdem
1376 2395 1454 2462 reci·

260 2483 389 2550 tatione.
432 2481 535 2548 Juxta
562 2481 672 2548 tritum
695 2481 788 2559 illud,
814 2480 1016 2569 “prodidisse
1038 2494 1085 2547 est
1098 2481 1271 2561 fefellisse,”
1288 2495 1325 2569 et
1338 2493 1450 2548 notum

261 2583 309 2635 est
329 2569 450 2635 dictum
474 2566 682 2635 Tertullianii
705 2576 725 2608 “
738 2567 882 2634 Haereses
903 2569 1049 2634 recitasse
1076 2581 1123 2634 est
1143 2569 1324 2648 refirttmef’
1338 2592 1454 2658 nempe

260 2661 316 2723 sut
330 2680 364 2722 se
377 2654 570 2722 absurditate
583 2653 737 2744 produnt3
761 2667 799 2720 ut
812 2667 845 2722 et
858 2654 967 2722 famosi
992 2655 1104 2734 libelli,
1128 2679 1180 2722 ma
1194 2657 1200 2670 '
1249 2656 1323 2722 'tate
1348 2661 1406 2722 sut
1419 2679 1453 2722 se

261 2743 361 2810 cuivis
372 2743 510 2820 cordato,
521 2742 574 2809 vel
588 2766 652 2808 non
665 2742 746 2806 male
757 2741 896 2820 credulo,
906 2741 1043 2808 reddunt
1053 2741 1204 2809 incredib'
1220 2755 1293 2808 eset
1302 2742 1371 2808 indi
1416 2765 1452 2808 os

260 2830 333 2896 fide.
379 2829 503 2912 Quibus
523 2841 629 2896 tamen
644 2827 780 2916 Gyraldi
799 2828 926 2908 libellis,
949 2828 1035 2914 qubd
1056 2828 1097 2894 ad
1111 2851 1212 2894 mores
1225 2840 1258 2894 et
1271 2828 1351 2894 vitia
1383 2829 1451 2894 ber·

259 2935 383 2994 norum,
405 2915 554 3004 temporis
575 2915 671 2994 illius,
687 2928 720 2981 et
741 2913 932 2985 anteriorum
954 2912 1077 2993 attinet,
1097 2914 1225 2981 videtur
1239 2939 1282 2982 ex
1295 2913 1450 2980 haeretims

260 3003 356 3070 fidem
371 3003 492 3070 dedisse
507 3001 685 3070 Gulielmus
701 3001 880 3068 Oamdenus
894 3000 929 3066 in
943 3000 1005 3068 alio
1019 3025 1076 3068 suo
1089 3000 1197 3068 libello
1212 3001 1339 3082 famoso,
1354 3025 1450 3088 quem

259 3089 392 3158 insaniit
404 3090 439 3154 in
453 3113 540 3155 suam
555 3087 763 3167 Britanniam,
775 3113 793 3154 a
804 3111 875 3176 pag.
887 3090 949 3154 711
964 3088 1119 3174 usquead
1136 3090 1216 3168 7193
1231 3102 1264 3156 et
1277 3113 1320 3156 ex
1335 3088 1452 3156 Catho-

259 3175 339 3256 licis,
361 3176 466 3242 minirs
475 3177 576 3244 caute
589 3200 671 3244 unus
686 3175 773 3262 quod
793 3176 899 3254 sciam,
922 3187 955 3241 et
967 3176 1129 3242 nominare
1142 3176 1271 3256 nollem,
1292 3175 1454 3264 disputans

259 3277 368 3331 contra
381 3276 552 3352 apostatam
566 3275 599 3330 et
612 3262 794 3330 haereticum
807 3262 829 3329 J
830 3286 964 3363 oannem
978 3261 1112 3330 Baleum
1125 3263 1282 3364 Anglum,
1303 3287 1399 3350 quem
1413 3264 1453 3330 ab

261 3351 421 3418 Edwardo
435 3350 497 3416 VI.
514 3374 590 3438 rege
611 3349 802 3450 Anglorum,
822 3349 1021 3437 Zurnghano,
1043 3364 1182 3418 creatum
1205 3375 1396 3452 eprscopum,
1411 3373 1453 3418 ne

261 3437 365 3504 dicam
380 3461 397 3504 e
420 3437 562 3590 incopum
577 3436 792 3505 Ossonensem
805 3436 840 3502 in
852 3435 989 3516 Ibernit,
1003 3438 1173 3504 noluerunt
1183 3437 1289 3504 Iberni
1303 3461 1453 3526 recipere,

260 3525 317 3592 sed
331 3538 368 3591 ut
466 3523 561 3590 o'oos
575 3523 713 3612 ipsorum
736 3523 855 3600 animos
877 3524 1018 3602 decebat,
1041 3549 1114 3592 cum
1134 3523 1311 3612 ignominia
1324 3524 1455 3591 exulare

260 3624 433 3700 coegerunt
455 3623 488 3677 et
501 3611 671 3700 confugere
696 3609 737 3678 ad
751 3610 937 3678 Calvinismi
951 3633 1054 3678 arcem
1079 3623 1113 3678 et
1126 3611 1336 3701 metropolim,
1351 3611 1455 3678 Gene-

260 3723 343 3766 ram.

306 3785 402 3866 and
416 3796 521 3852 autem
535 3783 624 3852 illam
643 3797 771 3873 gentem
785 3783 889 3852 aiebat
904 3785 1102 3852 cambrensis
1122 3784 1321 3852 “abhorrere
1343 3786 1384 3852 ab
1405 3807 1455 3850 ur·

260 3873 366 3951 bibus,
381 3883 414 3938 et
428 3872 462 3936 in
477 3871 550 3938 solis
565 3871 662 3959 sylvis
677 3895 750 3937 cum
765 3871 838 3936 foris
852 3872 1032 3940 cohabitare
1047 3871 1197 3949 solitam?
1219 3895 1284 3937 non
1299 3897 1316 3938 a
1341 3871 1366 3937 ’t
1379 3895 1456 3960 prae-

260 3973 310 4026 ter
323 3957 449 4028 solitum
464 3971 497 4025 et
522 3958 660 4024 solemne
685 3958 757 4037 sibi,
779 3957 813 4022 id
836 3969 882 4024 est
902 3959 1045 4026 mordere
1060 3971 1093 4024 et
1113 3957 1240 4024 mentiri
1262 3958 1302 4024 de
1382 3959 1456 4032 rnis.

260 4045 449 4112 reclamante
463 4045 566 4145 palam
580 4068 646 4111 non
659 4045 728 4133 ipat
741 4045 864 4111 tantbm
878 4069 912 4111 re
935 4069 1005 4198 <pue
1020 4045 1209 4112 contrarium
1230 4046 1243 4110 l
1284 4047 1380 4127 trium,
1403 4046 1457 4112 sed

260 4147 295 4200 et
308 4131 500 4199 eonscientrt
521 4146 554 4198 et
568 4130 691 4221 scriptis
712 4131 788 4199 alibi
810 4131 943 4221 aGyral
966 4159 995 4211 o,
1017 4146 1050 4199 et
1064 4156 1083 4199 a
1097 4132 1136 4198 B.
1151 4131 1236 4199 Bern
1293 4159 1312 4199 o
1334 4148 1368 4200 et
1389 4133 1458 4200 aliis

260 4235 329 4286 turn
345 4218 524 4286 domesticis
539 4231 608 4284 turn
619 4218 759 4284 externis
773 4217 903 4286 testibus
918 4219 1077 4286 veteribus
1092 4232 1125 4286 et
1138 4219 1238 4286 novis.
1282 4220 1397 4287 Nonne
1411 4233 1458 4300 tu,

262 4304 421 4396 Gyraldel
452 4305 487 4372 in
502 4305 727 4458 Toffimpffii
742 4317 774 4371 et
788 4303 961 4372 Vaticinali
977 4312 1033 4373 tut
1047 4307 1198 4387 Historit,
1213 4307 1296 4375 inter
1309 4307 1459 4396 plurimas

261 4393 432 4459 numerasti
447 4405 480 4458 et
493 4393 546 4458 lau
602 4392 628 4458 ti
642 4416 707 4458 non
721 4391 827 4470 semel,
843 4392 953 4459 decem
965 4393 1106 4483 egregias
1120 4419 1138 4461 a
1152 4408 1185 4462 te
1199 4395 1291 4476 visas,
1313 4408 1347 4462 et
1360 4395 1460 4462 fratri·

262 4480 331 4558 bus,
347 4479 475 4569 patruis,
491 4492 523 4546 et
538 4479 656 4545 caeteris
668 4479 879 4632 predonibus,
886 4480 944 4633 pui
959 4481 1035 4570 ipsis
1050 4481 1256 4562 adheserunt,
1265 4495 1462 4572 expugnatas

262 4569 356 4634 urbes
370 4566 516 4646 Iberniae,
538 4589 614 4652 quas
635 4582 667 4633 so
682 4566 690 4580 ‘
707 4565 864 4655 indigenae
905 4568 995 4635 berni
1016 4580 1103 4648 nmo,
1125 4584 1159 4635 et
1179 4569 1334 4659 prioribus
1349 4567 1461 4636 seculis

262 4653 474 4720 incolebant?
526 4653 701 4720 Dublinam
737 4654 899 4721 civitatem
924 4655 1170 4744 amplissimam,
1205 4655 1461 4745 pulcherrimam,

263 4740 461 4821 ditissimam,
482 4739 774 4828 frequentissimam,
796 4741 1045 4821 munitissimam,
1075 4744 1168 4808 rebus
1185 4743 1335 4808 omnibus
1365 4743 1462 4808 abun·

264 4827 402 4908 dantem,
433 4829 585 4914 quantiam
616 4841 648 4896 et
674 4829 796 4915 quoties
818 4829 931 4919 passim
954 4829 1177 4919 depraedicat?
1206 4829 1461 4910 Waterfordiam,
