3772 6008
409 720 450 785 88
765 733 945 784 ironeam
966 733 1037 782 rao
1059 733 1244 781 ursarius.
1422 713 1514 804 [oar.
1530 734 1592 780 vn.

407 890 512 958 statim
526 891 625 970 exosi,
641 889 745 956 statim
760 887 874 969 ultimi,
886 888 990 954 statim
1004 888 1044 954 ad
1057 889 1122 954 ima
1135 889 1234 954 livore
1249 887 1393 976 depressi.
1427 887 1594 954 Verumta-

407 1002 481 1044 men
510 989 603 1043 tantae
632 975 844 1065 generositatis
872 975 1002 1064 sylvam,
1031 975 1113 1040 livor
1133 975 1173 1040 ed
1201 975 1331 1063 plenum
1352 975 1510 1063 extirpare
1531 998 1595 1040 non

406 1063 519 1152 potuit,
541 1064 626 1130 unde
641 1075 674 1128 et
687 1085 785 1148 usque
800 1061 841 1127 ad
860 1061 1047 1128 hodiernum
1062 1061 1146 1128 diem
1183 1085 1237 1127 ens
1250 1061 1318 1126 haec
1332 1061 1424 1126 novis
1442 1061 1594 1150 plantula·

406 1175 477 1216 rum
491 1149 713 1216 succrementis
724 1147 807 1214 vires
821 1148 856 1212 in
869 1149 972 1214 insuit
988 1149 1072 1236 (quae
1087 1173 1124 1215 oc
1180 1171 1267 1214 eoem
1281 1147 1406 1214 circiter
1419 1161 1491 1214 ante
1507 1149 1596 1214 annis

407 1237 599 1322 invaserant)
626 1260 692 1302 non
715 1235 853 1302 modicas
878 1234 1005 1301 habent.
1051 1234 1116 1316 Qui
1141 1247 1213 1300 sunt
1237 1233 1293 1320 qui
1314 1246 1479 1323 penetrant
1498 1233 1595 1300 hostis

408 1324 458 1410 (id
483 1335 540 1403 est,
555 1323 754 1410 Ibemorum)
771 1321 964 1411 penetralia?
994 1321 1194 1410 Gyraldidae!
1225 1321 1291 1403 Qui
1305 1333 1378 1386 sunt
1414 1321 1447 1386 ui
1485 1319 1596 1387 atriam

410 1416 549 1498 (novam,
559 1434 654 1496 quarn
665 1410 698 1474 vi
712 1408 925 1496 posueruntin
936 1407 1075 1490 Ibernit)
1089 1406 1295 1474 conservant?
1317 1345 1451 1501 Gyriidi
1474 1408 1518 1474 ael
1541 1405 1596 1495 qui

407 1509 481 1564 sunt
491 1519 568 1583 quos
579 1496 683 1564 hostes
694 1493 886 1562 formidant?
907 1494 1107 1584 Gyrsldidaei
1130 1493 1195 1575 Qui
1210 1507 1283 1560 sunt
1296 1519 1374 1580 quos
1383 1494 1465 1559 livor
1479 1494 1596 1561 detrac-

406 1583 476 1650 tet?
498 1582 698 1672 Gyraldidae!
722 1581 792 1648 Osi
824 1581 977 1670 rincipem
988 1593 1081 1647 tantae
1096 1581 1286 1648 strenuitatis
1295 1581 1406 1646 merita
1414 1581 1511 1668 digne
1522 1605 1596 1669 pen·

407 1681 527 1736 sentem
541 1693 574 1734 re
616 1669 734 1735 riisseti
819 1693 851 1734 m
865 1667 1079 1755 tranquillum,
1091 1669 1186 1754 quern
1199 1667 1366 1756 pacificum
1375 1667 1452 1733 olim
1462 1668 1596 1734 Iberniae

407 1771 522 1823 statum
532 1780 566 1823 re
589 1756 726 1822 didisset
757 1693 831 1822 bed
839 1754 951 1821 horum
962 1755 1029 1820 sine
1040 1760 1131 1820 caust
1142 1768 1285 1842 suspecta
1293 1778 1414 1844 semper
1423 1755 1595 1821 strenuitas.

406 1845 456 1908 At
470 1843 584 1930 quibus
598 1867 642 1909 ex
662 1842 726 1908 fide
749 1841 964 1920 committitur,
989 1841 1105 1927 absque
1120 1843 1302 1907 strenuitate
1323 1841 1479 1908 securitas.
1524 1842 1597 1907 Viri

407 1954 483 2018 ergo
498 1929 617 1997 viribus
632 1929 781 2017 insignes,
796 1941 829 1994 et
842 1927 916 1993 vitae
930 1927 1120 1994 strenuitatis
1135 1951 1244 1994 amore
1253 1940 1491 2018 contemptores,
1507 1928 1598 1994 solite

407 2017 531 2082 virtutis
545 2015 690 2082 incedere
704 2016 767 2094 vit,
782 2039 822 2080 ne
837 2013 970 2082 cessetis.
1014 2014 1137 2081 Felices
1150 2015 1224 2080 facti
1239 2020 1265 2080 si
1280 2015 1357 2101 quid
1377 2039 1448 2081 mea
1461 2015 1598 2080 carmina

407 2118 549 2192 possunt3
564 2103 664 2168 virtus
679 2102 764 2168 enim
778 2125 888 2168 vacare
902 2124 965 2166 non
975 2113 1086 2189 potest,
1098 2125 1189 2167 suum
1203 2125 1325 2189 semper
1335 2102 1387 2168 vel
1397 2103 1432 2168 in
1443 2102 1596 2190 praesenti,

408 2189 616 2256 velinfuturo
632 2199 837 2276 consequetur
847 2187 1003 2254 effectum.
1049 2188 1249 2274 Quamquam
1259 2187 1367 2276 igitur,
1378 2213 1432 2255 seu
1445 2211 1501 2276 per
1510 2188 1597 2276 igna-

407 2275 869 2428 dfflniffiiiii‘itssbpii
886 2274 1345 2450 sterneretis
1371 2274 1598 2427 {ttttttt

408 2449 567 2515 illaudata.
612 2449 757 2516 Gaudeat
772 2411 846 2536 ετὲο
863 2387 1023 2535 iuventus,
1046 2460 1078 2514 et
1092 2448 1238 2548 ampliori
1252 2410 1406 2514 desiderio
1428 2447 1468 2514 de
1490 2446 1541 2514 die
1562 2447 1597 2512 in

408 2535 493 2602 diem
504 2534 629 2602 virtutis
640 2535 779 2615 desudet,
792 2534 909 2634 quippe
921 2536 1011 2635 cujus
1021 2559 1171 2601 memorre
1181 2559 1240 2602 nec
1251 2533 1408 2624 praeterire
1419 2558 1477 2600 nec
1486 2533 1597 2622 perire,

409 2622 562 2776 ςιίἱῗωὲ
572 2622 666 2739 ‚terris
680 2634 712 2688 et
726 2621 876 2688 thesauris
890 2636 1069 2712 pretiosora,
1088 2623 1240 2711 perpetuo
1255 2622 1345 2688 floret
1358 2621 1460 2687 laudis
1481 2622 1598 2687 bonore

408 2733 475 2776 cee
497 2734 531 2775 ra
564 2761 570 2774 .

456 2796 630 2883 Hucusque
645 2821 688 2862 ex
703 2795 872 2863 universali
886 2794 1038 2897 panegyri
1053 2794 1197 2885 Gyraldi,
1212 2795 1368 2862 laudantis
1383 2819 1426 2876 se,
1441 2789 1508 2876 sua,
1518 2818 1598 2860 suos.

410 2881 523 2970 Neque
538 2898 629 2950 vacat
650 2884 827 2950 exscribere
841 2884 940 2949 firmus
955 2907 1032 2970 quas
1047 2883 1086 2949 de
1101 2882 1233 2972 singulis
1248 2906 1374 2948 suorum
1388 2883 1492 2948 texuit
1505 2905 1599 2971 pane·

406 2993 500 3058 gyres
520 2970 675 3058 singulas;
697 2969 831 3036 sufficiat
850 2971 912 3036 hoc
933 2970 1004 3036 loeo
1026 2993 1069 3036 ex
1090 2969 1153 3036 illis
1167 2968 1264 3036 libare
1278 2993 1379 3058 pauca
1400 2971 1506 3048 verba,
1528 2969 1598 3036 vioe

407 3056 594 3144 speciminis.
640 3057 694 3123 Sic
708 3080 799 3121 snum
820 3069 967 3144 patruum
982 3057 1156 3122 Robertum
1173 3055 1399 3144 stephanidem
1420 3055 1532 3144 incipit
1546 3056 1598 3120 de·

407 3142 541 3208 scribere
557 3143 725 3230 Gyraldus,
737 3143 792 3208 lib.
805 3145 823 3207 1
835 3143 975 3210 Vaticin.
991 3143 1150 3222 Historiae,
1165 3167 1232 3231 cap.
1248 3145 1301 3223 26,
1323 3151 1343 3184 ‘⁴
1358 3143 1390 3209 Ο
1405 3143 1517 3220 virum,
1538 3141 1599 3206 rir-

407 3227 485 3293 tutis
506 3228 647 3306 unicum,
669 3228 798 3315 verique
819 3229 934 3296 laboris
948 3230 1140 3318 exemplum,
1163 3231 1294 3296 sortunae
1321 3230 1425 3309 variae,
1446 3228 1599 3314 sortisque

408 3315 554 3394 adversae,
579 3314 650 3402 plus
676 3338 770 3400 quam
792 3339 955 3404 prosperae,
978 3340 1099 3406 semper
1113 3317 1305 3383 obnoxium!
1331 3315 1367 3382 *O
1382 3317 1485 3381 virum
1506 3315 1599 3381 toties

408 3400 533 3468 tamin
554 3401 681 3468 Ibernio
710 3402 805 3487 quim
829 3401 864 3467 in
886 3400 1034 3470 cambris
1061 3415 1206 3490 utrasque
1234 3415 1309 3470 rotae
1337 3402 1601 3470 circumferentias

409 3487 626 3574 aequanimiter
649 3501 825 3588 expertum,
852 3501 885 3554 et
908 3489 1014 3555 omnia
1034 3513 1169 3578 passum,
1192 3513 1262 3576 quea
1323 3490 1376 3577 jor
1400 3491 1523 3555 fortuna
1544 3512 1598 3576 po

408 3587 485 3655 test3
509 3587 601 3676 atque
616 3577 761 3642 ommbus
774 3598 865 3640 usum
881 3599 950 3662 quae
964 3576 1083 3642 melior.
1129 3575 1160 3642 O
1174 3578 1248 3643 vere
1302 3582 1402 3643 arium
1416 3575 1597 3653 secundum,

411 3661 655 3812 Stephamdemi
678 3663 768 3748 cujus
776 3661 801 3727 si
810 3662 992 3730 felicitatem
1002 3663 1186 3752 respexeris,
1198 3663 1411 3730 felicissimum
1423 3663 1557 3729 dixeris:
1572 3661 1598 3728 si

408 3771 465 3814 ver
498 3748 992 3828 miserias,miserorumomnium
1001 3750 1209 3816 miserrimum
1217 3750 1367 3816 videas·
1412 3749 1598 3815 Mauritium

411 3833 559 3918 (alterum
585 3834 618 3900 G
686 3834 719 3901 di
743 3841 905 3935 patruum)
931 3836 978 3902 ita
1001 3836 1174 3904 describere
1199 3837 1312 3926 incipit
1332 3837 1387 3903 lib.
1415 3840 1432 3901 l
1456 3859 1523 3988 cap.
1546 3838 1598 3900 42.

409 3921 488 3988 Erat
502 3933 607 3988 autern
661 3922 801 4000 auritrus,
816 3923 866 3988 vir
879 3923 1074 4002 venerabilis,
1090 3936 1122 3989 et
1136 3925 1341 4004 verecundus,
1355 3924 1449 3989 vultu
1462 3949 1499 3990 co
1512 3934 1598 3988 orato

410 4007 614 4094 decentique3
640 4008 791 4075 mediocri
815 4009 950 4096 quddam
974 4010 1154 4077 modicitate
1174 4023 1238 4076 tarn
1257 4010 1466 4078 mediocribus
1487 4010 1598 4086 minor,

410 4096 504 4246 quim
518 4095 649 4162 modicis
663 4096 772 4182 major,
791 4095 840 4161 vir
853 4109 918 4162 tam
933 4097 1036 4164 animo
1062 4099 1156 4185 qubm
1180 4121 1308 4185 corpore
1329 4097 1518 4175 modificato,
1541 4120 1599 4163 nec

409 4181 465 4246 ilo
480 4181 571 4260 elato,
593 4206 652 4248 nec
676 4182 738 4248 hoc
761 4182 897 4249 dilatato.
943 4184 1056 4250 Innatd
1078 4184 1126 4250 vir
1147 4184 1287 4250 bonitate
1309 4185 1417 4264 bonus,
1440 4196 1473 4250 et
1494 4195 1599 4248 tamen

409 4267 504 4357 longe
530 4273 604 4335 curt
618 4269 815 4357 propensiore
837 4272 936 4337 bonus
951 4271 1018 4338 fieri
1033 4273 1128 4358 quern
1143 4271 1243 4337 videri
1257 4271 1405 4350 malens.†
1448 4269 1599 4338 Marnitio

443 4429 454 4456 '
472 4430 540 4480 Nam
551 4431 584 4480 ab
593 4429 705 4481 Henrico
712 4431 747 4481 11.
756 4445 817 4494 rege
825 4431 972 4496 Anglornm
982 4437 1106 4496 tanquam
1117 4432 1203 4496 praedo
1214 4431 1333 4496 publicus
1344 4437 1371 4484 ct
1380 4432 1486 4494 iniquus
1496 4429 1599 4480 invasor

411 4495 521 4547 Iberuiae
532 4495 584 4546 fuit
595 4501 694 4560 captus,
706 4497 804 4547 catenis
814 4499 977 4558 constrictus,
991 4502 1140 4562 compactus
1150 4498 1178 4547 in
1188 4513 1324 4558 carcerem,
1342 4504 1370 4549 et
1380 4497 1429 4548 nisi
1440 4495 1517 4545 multi
1528 4509 1598 4557 mag-

410 4561 490 4624 nique
500 4561 629 4624 principes
640 4561 768 4624 supplices
778 4561 811 4612 ad
823 4562 965 4613 Henricum
984 4577 1071 4626 preces
1089 4561 1243 4614 obtulissent
1258 4578 1306 4628 pro
1326 4561 1490 4628 stephanide,
1511 4573 1599 4624 peenas

411 4625 562 4691 predonum
572 4624 665 4676 luisset
674 4641 734 4676 curn
745 4627 882 4678 amissione
892 4627 984 4691 capitis
995 4633 1022 4679 et
1036 4627 1147 4678 honoris.

444 4693 458 4756 †
476 4691 504 4744 Si
516 4705 615 4755 semper
625 4690 725 4749 fuisset,
743 4705 878 4753 nunquam
897 4693 925 4741 in
935 4693 1051 4744 animum
1062 4691 1205 4744 induxisset
1223 4697 1313 4744 contra
1323 4693 1370 4752 fas,
1384 4695 1411 4742 et
1422 4705 1539 4742 severum
1550 4689 1598 4739 irn-

410 4757 512 4820 perium
523 4756 564 4807 sui
574 4757 642 4819 tegis
653 4756 767 4815 Hearici,
780 4756 902 4807 invadere
912 4762 1008 4808 etcum
1020 4757 1077 4808 aliia
1087 4759 1206 4820 tyrannis
1215 4767 1324 4820 vastare,
1335 4757 1406 4810 nullo
1415 4755 1474 4821 jure
1485 4756 1536 4807 illis
1547 4756 1599 4807 die·

410 4821 459 4872 bus
470 4822 518 4874 sibi
529 4821 643 4874 debitam
654 4821 784 4872 Ibernicm
794 4821 836 4873 rel
845 4821 990 4886 portionem
1001 4821 1123 4887 ejusdem.
