3736 6054
252 842 330 891 cnr.
347 825 384 913 1.]
593 841 773 891 sronoors
788 841 859 890 rso
875 841 1061 888 umanum.
1425 825 1443 886 7

250 1021 320 1064 suns
335 997 443 1062 laudes
457 1010 489 1062 ct
509 997 693 1085 jactantiam
715 997 887 1062 nobilitatis
901 1021 973 1064 cum
989 1020 1098 1085 pamm
1114 995 1276 1061 fortunatae
1291 995 1379 1062 sortis
1393 995 1446 1059 de·

252 1084 443 1172 ploratione:
466 1095 486 1124 ‘⁶
497 1085 538 1150 ad
552 1086 671 1151 curiam
686 1109 704 1150 a
718 1084 833 1163 studio,
848 1085 985 1172 peccatis
998 1083 1202 1172 exigentibus
1216 1107 1235 1148 a
1249 1107 1323 1168 rege
1340 1083 1445 1168 (ch-

252 1172 317 1238 rico
332 1170 394 1257 ΙΙ.)
410 1185 540 1237 vocatus
556 1171 623 1253 (cui
637 1171 720 1236 nihil
734 1172 835 1258 majus
850 1171 948 1237 menti
960 1173 1055 1257 quim
1069 1171 1214 1247 mentire,
1229 1169 1311 1234 nihil
1326 1169 1446 1234 deside·

251 1259 298 1324 rio
313 1259 414 1346 msgis
429 1260 524 1344 qulam
539 1257 694 1346 decipere,
710 1259 805 1344 qnbm
820 1257 949 1336 deferre,
959 1259 1054 1343 qulam
1068 1257 1267 1343 sequentium
1282 1255 1401 1322 animos
1415 1269 1448 1322 et

252 1345 492 1431 obsequentium
514 1344 724 1411 delationibus
745 1345 924 1432 cruciasse.)
971 1345 1064 1410 Circa
1085 1344 1221 1410 eundem
1243 1343 1447 1429 ejusdemque

243 1431 394 1498 defuncti
409 1431 510 1496 filium
533 1444 626 1532 atque
649 1431 806 1497 haeredem
829 1432 1025 1518 (Johannam
1040 1431 1177 1520 Regem)
1194 1443 1227 1496 et
1248 1430 1369 1495 utinam
1383 1453 1448 1495 non

252 1518 409 1597 vitiosum,
418 1518 613 1607 irreparabrli
628 1518 752 1596 damno,
764 1519 827 1583 duo
842 1520 906 1584 l'ere
921 1517 1017 1583 lustra
1031 1541 1226 1597 consumens,
1237 1517 1318 1582 nihil
1333 1517 1372 1583 sb
1386 1517 1450 1581 illis

252 1618 366 1694 praeter
390 1605 543 1670 immanes
568 1605 753 1671 vexationes
778 1617 811 1671 et
832 1629 931 1672 vacue
953 1604 1043 1670 donis
1064 1604 1213 1693 promissa
1233 1604 1364 1692 suscepi.
1412 1603 1448 1670 si

255 1691 334 1778 quid
349 1691 434 1758 enim
449 1692 567 1793 gratim,
589 1716 712 1757 morum
727 1691 874 1780 gravitas,
890 1691 917 1757 si
932 1691 1010 1777 quid
1023 1691 1146 1770 litterae,
1162 1691 1188 1757 si
1203 1691 1282 1777 quid
1295 1690 1449 1756 industria

253 1779 367 1844 inferre
382 1792 495 1866 poturt,
517 1791 619 1844 totum
632 1779 667 1845 id
681 1801 732 1844 sus
773 1792 871 1858 ctum,
892 1791 995 1844 totum
1016 1778 1179 1857 infectum,
1200 1791 1303 1844 totum
1318 1801 1449 1844 exosum

255 1865 382 1931 Walliae
397 1889 514 1931 nomen
528 1865 675 1931 ademit*
720 1803 800 1932 Ἰρθτοε
819 1865 904 1931 enim
918 1879 1037 1931 neturus
1060 1878 1172 1952 partes,
1198 1888 1388 1965 quamquam
1410 1865 1451 1929 ab

254 1951 289 2017 A
333 1953 373 2018 lis
386 1966 419 2018 et
433 1952 623 2018 Normannis
639 1951 783 2040 (Galliae)
807 1953 1018 2018 contraxerim
1039 1951 1124 2017 linet
1139 1951 1284 2040 origrnnli
1301 1953 1368 2038 (avi
1383 1951 1451 2039 Gy-

253 2039 299 2104 ral
349 2039 479 2106 statari
500 2041 627 2105 fuenmt
648 2039 707 2104 orti
730 2063 773 2104 ex
787 2039 904 2127 Anglis
918 2051 951 2105 et
965 2038 1169 2126 Normaunis)
1192 2053 1352 2124 totamque
1374 2062 1450 2126 prae-

254 2139 341 2192 terea
354 2126 519 2192 convictus
534 2151 553 2192 a
567 2150 630 2213 quo
644 2149 746 2192 mores
760 2126 933 2192 formantur
953 2126 1029 2204 vim,
1052 2139 1183 2215 partem,
1196 2139 1228 2190 et
1242 2125 1449 2214 proprietates

254 2212 381 2302 longam
397 2238 521 2300 quoque
538 2213 751 2280 commorandi
764 2213 1032 2292 consuetudinem,
1044 2237 1114 2299 quae
1129 2227 1162 2279 et
1176 2213 1305 2278 alteram
1321 2211 1381 2277 sibi
1396 2236 1449 2277 na·

255 2313 358 2364 turam
379 2324 559 2388 comparare
581 2300 669 2376 solet,
701 2324 744 2366 ex
767 2304 876 2386 quant
897 2314 1002 2366 tamen
1024 2299 1190 2388 parentalis
1218 2299 1452 2388 propagationis

260 2386 418 2466 columnd,
445 2399 477 2452 et
502 2399 573 2474 post
599 2387 724 2452 tertiam
747 2386 848 2474 prima
862 2401 988 2473 tamque
1011 2387 1142 2472 genialis
1165 2386 1325 2474 quadn'gae
1350 2392 1452 2451 rotta

256 2473 393 2559 Trojann
407 2471 572 2540 nobilitate
587 2477 745 2539 contracte
761 2475 857 2561 (soepb
868 2473 904 2538 i‘n
915 2473 978 2538 suis
989 2473 1077 2539 libris
1088 2472 1133 2539 ait
1143 2498 1175 2539 se
1186 2487 1287 2539 satum
1297 2475 1450 2562 sanguine

258 2560 409 2645 Trojano)
425 2573 528 2626 totum
541 2559 640 2639 infici,
656 2573 688 2626 et
702 2560 827 2626 modico
842 2560 930 2647 quasi
945 2560 1097 2626 fermento
1119 2584 1250 2626 messam
1272 2560 1449 2648 corrumpi;

256 2669 439 2736 semperque
464 2645 499 2712 in
522 2647 689 2712 elationem
704 2671 780 2735 gens
804 2646 933 2712 inimica
958 2648 1130 2736 conjectam
1151 2648 1235 2713 unde
1257 2661 1291 2712 et
1302 2647 1450 2733 quoniam

256 2733 339 2800 inter
352 2733 478 2822 Anglos
492 2749 597 2800 nostra
610 2747 675 2800 tam
690 2758 812 2799 morum
826 2734 982 2800 institutio
997 2747 1064 2799 erat
1086 2737 1181 2820 quem
1196 2734 1401 2812 conversatio,
1416 2735 1451 2798 in
1476 2725 1484 2742 '

258 2820 406 2888 cambris
420 2823 494 2886 verb
509 2820 595 2886 natio
609 2835 732 2909 reperte
746 2834 793 2886 est
807 2835 840 2886 et
853 2821 1009 2908 cognatm,
1024 2835 1220 2909 compactum
1241 2833 1288 2886 est
1301 2844 1344 2886 ex
1355 2821 1405 2884 his
1420 2833 1452 2886 et

257 2909 446 2985 confectum,
467 2921 504 2972 ut
518 2921 650 2994 uterque
675 2909 810 2996 populus
835 2932 886 2972 me
901 2907 961 2972 sibi
976 2922 1125 2993 tanquam
1140 2907 1278 2972 alienum
1302 2921 1451 2994 reputans

257 3007 289 3060 et
303 3018 368 3058 non
381 3018 484 3073 suum,
499 3017 621 3082 semper
635 2994 725 3060 oculo
740 2994 913 3082 respexerit
927 2994 1102 3072 novercali;
1118 2994 1196 3058 alter
1207 2995 1247 3059 ab
1261 2993 1451 3082 hocsuspec·

256 3091 324 3146 tum
339 3081 466 3158 habens,
478 3082 557 3147 alter
567 3105 709 3146 exosum.
752 3081 897 3147 Accessit
906 3093 939 3145 et
949 3080 1036 3147 aliud
1050 3080 1132 3146 inter
1146 3081 1355 3160 incommoda,
1368 3079 1454 3166 quod

255 3167 283 3234 si
295 3167 399 3254 quida
410 3167 500 3234 nobis
512 3169 638 3256 egregie
654 3167 773 3234 dictum
784 3168 837 3233 vel
846 3181 970 3255 gestum
982 3166 1075 3233 fuerit
1091 3167 1232 3256 (egregie
1250 3181 1281 3233 tc
1296 3167 1364 3256 ipse
1385 3167 1451 3232 lan·

257 3255 312 3320 dns
327 3254 500 3343 Gyraldcl)
517 3254 622 3320 statim
637 3254 741 3340 quoad
765 3254 866 3333 licuit,
893 3267 948 3320 sut
970 3253 1050 3320 illud
1073 3253 1194 3320 invidis
1218 3255 1374 3343 supressit,
1398 3268 1454 3319 aut

257 3341 376 3406 malitia
390 3342 597 3430 pervertendo
612 3341 752 3428 corrupit
767 3353 846 3428 (non
861 3365 893 3407 es
907 3341 941 3406 in
957 3347 1011 3407 tut
1025 3346 1117 3408 canet
1131 3341 1263 3407 idoneus
1281 3341 1401 3428 judex)
1417 3341 1452 3406 in

257 3427 437 3514 hujusmodi
452 3429 548 3494 verbs
571 3429 755 3528 plerumque
777 3452 991 3579 plrorumpens,
1016 3429 1197 3494 aCambril
1241 3441 1321 3494 otest
1335 3453 1375 3493 ne
1399 3429 1454 3493 ali·

256 3513 335 3601 quid
349 3516 425 3582 boni
439 3513 529 3581 esse?
559 3539 584 3580 sr
600 3529 706 3580 autem
726 3529 764 3580 nt
808 3539 930 3581 umerus
945 3539 1011 3582 mos
1033 3527 1079 3580 est
1100 3453 1292 3594 excessibus,
1324 3529 1379 3581 aut
1400 3539 1455 3602 pes

257 3601 359 3667 aliena
383 3602 571 3688 quandoque
590 3601 737 3682 titubare,
761 3615 816 3667 aut
837 3627 856 3666 s
879 3603 985 3668 litters
1006 3601 1058 3668 vel
1080 3602 1200 3690 syllabb
1214 3603 1326 3668 cadere
1345 3602 1455 3690 lingua

256 3688 431 3766 videbatur,
446 3687 481 3753 in
496 3688 608 3753 mediis
623 3712 747 3788 quoquc
762 3701 795 3754 et
816 3688 1069 3755 indifferentibus
1084 3712 1142 3754 nec
1164 3689 1257 3754 laude
1278 3688 1382 3778 dignis
1395 3711 1454 3756 nec

256 3774 423 3863 vituperio,
437 3777 542 3840 statim
557 3774 680 3841 hostilis
694 3775 796 3841 irrisio
813 3799 886 3841 cum
901 3775 1141 3854 exclamatione,
1166 3775 1321 3843 Cambriae
1337 3776 1453 3842 vitium

420 3863 426 3876 ·
707 3862 714 3875 ·
977 3862 984 3876 ·
1127 3863 1134 3876 ·
1247 3862 1254 3876 ·
1362 3864 1377 3892 n

256 3863 1402 4038 eistetensium{restruuntiussn,
1424 3963 1457 4016 0,

256 4035 365 4124 lingua
380 4049 435 4102 tua
449 4049 557 4102 contra
571 4059 689 4114 omnes,
705 4047 737 4102 et
750 4035 871 4101 miraris
885 4036 1026 4124 proinde,
1050 4060 1159 4102 manus
1182 4037 1324 4102 omnium
1347 4051 1457 4104 contra

257 4136 298 4196 te,
314 4135 347 4188 et
361 4121 531 4211 praesertim
547 4147 620 4188 cnm
634 4135 666 4187 te
680 4135 892 4188 recensentem
904 4147 961 4210 pro
971 4147 1068 4202 more,
1071 4145 1137 4274 pro
1152 4123 1289 4190 historiis
1305 4145 1456 4190 memora·

256 4208 373 4276 bilibus
387 4209 586 4275 incredibiles
599 4208 719 4274 fabulas
734 4207 901 4275 audirent?
934 4209 1022 4291 Quid
1036 4211 1070 4276 in
1093 4233 1111 4275 e
1125 4209 1212 4277 aliud
1223 4211 1318 4298 qubm
1329 4235 1456 4277 censum

256 4308 289 4364 et
304 4295 481 4363 irrisionem
497 4319 619 4384 sperare
633 4294 779 4376 debebas,
795 4320 814 4362 e
829 4309 875 4362 tot
889 4297 1011 4386 magnis
1025 4295 1206 4385 multisque,
1221 4314 1258 4366 ut
1272 4297 1326 4379 ais,
1338 4299 1458 4364 andito-

289 4471 301 4494 ·
318 4470 378 4521 Non
396 4475 436 4522 est
453 4471 500 4528 its,
521 4469 565 4520 sed
576 4470 647 4520 alind
658 4468 737 4532 quim
747 4469 827 4522 wun
837 4483 940 4530 nomen,
964 4485 1016 4534 qno
1027 4477 1059 4523 tn
1069 4471 1195 4536 gloriaris,
1208 4477 1235 4524 te
1244 4479 1401 4538 suspectum,
1418 4474 1458 4524 in-

256 4535 355 4586 fectum
367 4541 394 4587 et
405 4549 512 4587 exomm
522 4533 598 4592 lenite
611 4541 638 4586 te
647 4535 763 4586 Wellum
774 4536 829 4586 sire
845 4535 1027 4588 cambrensem
1044 4538 1128 4602 petrit
1141 4535 1211 4601 qubd
1227 4539 1312 4590 bonus
1327 4539 1459 4590 habereris

256 4601 449 4662 grammaticus,
469 4607 554 4664 poen,
567 4601 673 4651 criticus
683 4605 711 4651 et
721 4601 816 4662 lingun
826 4601 915 4652 latine
924 4608 1070 4666 promptus,
1080 4603 1109 4652 in
1116 4603 1285 4668 pedagogum
1293 4604 1458 4655 liberatorem

254 4665 366 4716 loannis
381 4665 515 4730 principis,
528 4671 556 4716 et
567 4666 743 4728 quertogeniti
753 4666 867 4730 elegerat
877 4667 1005 4717 Hem-icus
1017 4668 1073 4718 Rex
1088 4675 1172 4731 peter,
1190 4675 1217 4720 et
1233 4671 1370 4734 populares
1381 4669 1457 4720 cam·

255 4731 317 4780 bros
333 4735 402 4790 tuoe,
420 4731 475 4781 inm
491 4737 607 4794 patrnos,
627 4730 839 4794 consanguineos,
851 4731 939 4782 affines
950 4738 977 4782 et
988 4734 1083 4784 amicos
1094 4740 1153 4784 tuos
1164 4735 1248 4785 voluit
1260 4735 1389 4785 Heuricns
1400 4735 1458 4784 Rex

256 4795 379 4858 perficere
389 4801 416 4846 et
425 4809 578 4860 promovere
588 4795 620 4844 sd
635 4795 745 4846 honores
756 4801 783 4846 et
797 4797 895 4860 predia
909 4797 1062 4862 possidenda
1073 4798 1100 4848 in
1112 4798 1222 4849 Ibernit
1256 4799 1294 4850 Te
1310 4796 1371 4848 verb
1381 4798 1459 4848 initio

256 4874 346 4911 carum
359 4861 463 4924 regibus
473 4867 501 4911 st
510 4860 572 4910 fillis
582 4865 610 4911 et
625 4861 795 4924 pedagogum
812 4862 921 4924 regium,
941 4877 1053 4913 vacnum
1063 4869 1090 4912 et
1100 4864 1241 4914 honoribus
1251 4869 1278 4915 et
1294 4862 1381 4921 lucris,
1400 4877 1459 4926 qun

256 4927 418 4990 expectem,
432 4925 538 4978 tandem
549 4924 713 4986 dimiserunt,
727 4931 758 4978 tu
769 4926 819 4979 scis
830 4941 910 4991 quare
923 4926 963 4991 (et
973 4927 1017 4978 alti
1028 4928 1116 4993 plures
1127 4928 1221 4991 quihus
1232 4943 1288 4980 erar
1298 4927 1409 4979 futidlo.
1414 4937 1426 4991 )
