<?xml version="1.0" encoding="UTF-8"?>
<!DOCTYPE html PUBLIC "-//W3C//DTD XHTML 1.0 Transitional//EN"
    "http://www.w3.org/TR/xhtml1/DTD/xhtml1-transitional.dtd">
<html xmlns="http://www.w3.org/1999/xhtml" xml:lang="en" lang="en">
 <head>
  <title>
</title>
<meta http-equiv="Content-Type" content="text/html;charset=utf-8" />
  <meta name='ocr-system' content='tesseract 3.04.00' />
  <meta name='ocr-capabilities' content='ocr_page ocr_carea ocr_par ocr_line ocrx_word'/>
</head>
<body>
  <div class='ocr_page' id='page_1' title='image "apologiaprohibe00kellgoog_0111.png"; bbox 0 0 3772 6008; ppageno 0'>
   <div class='ocr_carea' id='block_1_1' title="bbox 409 769 1610 857">
    <p class='ocr_par' dir='ltr' id='par_1_1' title="bbox 409 769 1610 857">
     <span class='ocr_line' id='line_1_1' title="bbox 409 769 1610 857; baseline 0.003 -24"><span class='ocrx_word' id='word_1_1' title='bbox 409 769 451 834; x_wconf 75' lang='lat'>82</span> <span class='ocrx_word' id='word_1_2' title='bbox 745 782 926 832; x_wconf 75' lang='lat' dir='ltr'>aroucam</span> <span class='ocrx_word' id='word_1_3' title='bbox 941 785 1011 833; x_wconf 81' lang='lat' dir='ltr'>sao</span> <span class='ocrx_word' id='word_1_4' title='bbox 1028 785 1213 836; x_wconf 76' lang='lat' dir='ltr'>umanum.</span> <span class='ocrx_word' id='word_1_5' title='bbox 1454 771 1545 857; x_wconf 70' lang='lat' dir='ltr'>[cns.</span> <span class='ocrx_word' id='word_1_6' title='bbox 1563 789 1610 837; x_wconf 79' lang='grc' dir='ltr'>ιι.</span> 
     </span>
    </p>
   </div>
   <div class='ocr_carea' id='block_1_2' title="bbox 405 937 1619 4759">
    <p class='ocr_par' dir='ltr' id='par_1_2' title="bbox 411 937 1614 1734">
     <span class='ocr_line' id='line_1_2' title="bbox 411 937 1612 1031; baseline 0.005 -26"><span class='ocrx_word' id='word_1_7' title='bbox 411 937 587 1005; x_wconf 80' lang='lat' dir='ltr'>christianis</span> <span class='ocrx_word' id='word_1_8' title='bbox 601 961 664 1004; x_wconf 89' lang='lat' dir='ltr'>non</span> <span class='ocrx_word' id='word_1_9' title='bbox 678 938 814 1026; x_wconf 71' lang='lat' dir='ltr'>potuiaee</span> <span class='ocrx_word' id='word_1_10' title='bbox 829 952 981 1018; x_wconf 77' lang='lat' dir='ltr'>constare,</span> <span class='ocrx_word' id='word_1_11' title='bbox 997 963 1036 1006; x_wconf 89' lang='lat' dir='ltr'>an</span> <span class='ocrx_word' id='word_1_12' title='bbox 1052 940 1092 1006; x_wconf 88' lang='lat' dir='ltr'>de</span> <span class='ocrx_word' id='word_1_13' title='bbox 1108 939 1223 1027; x_wconf 91' lang='lat' dir='ltr'>quibus</span> <span class='ocrx_word' id='word_1_14' title='bbox 1238 939 1271 1004; x_wconf 91' lang='lat' dir='ltr'>in</span> <span class='ocrx_word' id='word_1_15' title='bbox 1286 943 1370 1006; x_wconf 69' lang='lat' dir='ltr'>sacra</span> <span class='ocrx_word' id='word_1_16' title='bbox 1383 939 1445 1006; x_wconf 87' lang='lat' dir='ltr'>Dei</span> <span class='ocrx_word' id='word_1_17' title='bbox 1458 941 1612 1031; x_wconf 80' lang='lat' dir='ltr'>scriptura</span> 
     </span>
     <span class='ocr_line' id='line_1_3' title="bbox 412 1025 1614 1125; baseline 0.004 -34"><span class='ocrx_word' id='word_1_18' title='bbox 412 1027 449 1091; x_wconf 90' lang='lat' dir='ltr'>fit</span> <span class='ocrx_word' id='word_1_19' title='bbox 463 1025 581 1091; x_wconf 90' lang='lat' dir='ltr'>mentio</span> <span class='ocrx_word' id='word_1_20' title='bbox 596 1038 745 1125; x_wconf 73' lang='lat' dir='ltr'>tanquam</span> <span class='ocrx_word' id='word_1_21' title='bbox 771 1026 972 1112; x_wconf 84' lang='lat' dir='ltr'><strong>loquentibus</strong></span> <span class='ocrx_word' id='word_1_22' title='bbox 988 1051 1030 1092; x_wconf 85' lang='lat' dir='ltr'>ex</span> <span class='ocrx_word' id='word_1_23' title='bbox 1047 1027 1153 1092; x_wconf 80' lang='lat' dir='ltr'>affiatu</span> <span class='ocrx_word' id='word_1_24' title='bbox 1180 1027 1298 1104; x_wconf 86' lang='lat' dir='ltr'>divino,</span> <span class='ocrx_word' id='word_1_25' title='bbox 1323 1039 1425 1092; x_wconf 79' lang='lat' dir='ltr'>essent</span> <span class='ocrx_word' id='word_1_26' title='bbox 1438 1029 1551 1116; x_wconf 85' lang='lat' dir='ltr'>spiritu</span> <span class='ocrx_word' id='word_1_27' title='bbox 1567 1031 1614 1096; x_wconf 90' lang='lat' dir='ltr'>di·</span> 
     </span>
     <span class='ocr_line' id='line_1_4' title="bbox 411 1111 1611 1200; baseline 0.007 -26"><span class='ocrx_word' id='word_1_28' title='bbox 411 1114 487 1177; x_wconf 90' lang='lat' dir='ltr'>vino</span> <span class='ocrx_word' id='word_1_29' title='bbox 510 1111 583 1190; x_wconf 86' lang='lat' dir='ltr'>acti,</span> <span class='ocrx_word' id='word_1_30' title='bbox 607 1111 667 1176; x_wconf 77' lang='lat' dir='ltr'>nist</span> <span class='ocrx_word' id='word_1_31' title='bbox 693 1111 753 1176; x_wconf 90' lang='lat' dir='ltr'>hoc</span> <span class='ocrx_word' id='word_1_32' title='bbox 778 1111 883 1200; x_wconf 81' lang='lat' dir='ltr'>iprum</span> <span class='ocrx_word' id='word_1_33' title='bbox 906 1114 996 1179; x_wconf 88' lang='lat' dir='ltr'>nobis</span> <span class='ocrx_word' id='word_1_34' title='bbox 1010 1114 1176 1180; x_wconf 72' lang='lat' dir='ltr'>revelasset</span> <span class='ocrx_word' id='word_1_35' title='bbox 1190 1112 1290 1191; x_wconf 89' lang='lat' dir='ltr'>Deus,</span> <span class='ocrx_word' id='word_1_36' title='bbox 1311 1127 1344 1179; x_wconf 90' lang='lat' dir='ltr'>et</span> <span class='ocrx_word' id='word_1_37' title='bbox 1367 1126 1531 1181; x_wconf 75' lang='lat' dir='ltr'>testaretur</span> <span class='ocrx_word' id='word_1_38' title='bbox 1545 1117 1611 1183; x_wconf 89' lang='lat' dir='ltr'>sive</span> 
     </span>
     <span class='ocr_line' id='line_1_5' title="bbox 412 1198 1611 1301; baseline 0.006 -39"><span class='ocrx_word' id='word_1_39' title='bbox 412 1199 591 1298; x_wconf 66' lang='lat' dir='ltr'>verbotuo,</span> <span class='ocrx_word' id='word_1_40' title='bbox 607 1198 672 1264; x_wconf 88' lang='lat' dir='ltr'>sive</span> <span class='ocrx_word' id='word_1_41' title='bbox 686 1198 748 1264; x_wconf 88' lang='lat' dir='ltr'>alio</span> <span class='ocrx_word' id='word_1_42' title='bbox 762 1199 904 1298; x_wconf 75' lang='lat' dir='ltr'>ejusdem</span> <span class='ocrx_word' id='word_1_43' title='bbox 919 1200 1065 1300; x_wconf 87' lang='lat' dir='ltr'>autparis</span> <span class='ocrx_word' id='word_1_44' title='bbox 1080 1223 1153 1265; x_wconf 90' lang='lat' dir='ltr'>cum</span> <span class='ocrx_word' id='word_1_45' title='bbox 1168 1200 1265 1300; x_wconf 80' lang='lat' dir='ltr'>verbo</span> <span class='ocrx_word' id='word_1_46' title='bbox 1279 1201 1471 1301; x_wconf 84' lang='lat' dir='ltr'>auctoritatis</span> <span class='ocrx_word' id='word_1_47' title='bbox 1486 1202 1611 1269; x_wconf 90' lang='lat' dir='ltr'>indubi-</span> 
     </span>
     <span class='ocr_line' id='line_1_6' title="bbox 411 1283 1608 1474; baseline 0.005 -37"><span class='ocrx_word' id='word_1_48' title='bbox 411 1299 483 1438; x_wconf 64' lang='lat' dir='ltr'>lll</span> <span class='ocrx_word' id='word_1_49' title='bbox 497 1309 590 1438; x_wconf 62' lang='lat' dir='ltr'>{tt</span> <span class='ocrx_word' id='word_1_50' title='bbox 602 1283 978 1452; x_wconf 51' lang='lat' dir='ltr'>lilsfwdtslffllid</span> <span class='ocrx_word' id='word_1_51' title='bbox 991 1286 1441 1474; x_wconf 59' lang='lat' dir='ltr'>llssltltttttffltlt</span> <span class='ocrx_word' id='word_1_52' title='bbox 1450 1289 1608 1442; x_wconf 52' lang='lat' dir='ltr'>{tlt}</span> 
     </span>
     <span class='ocr_line' id='line_1_7' title="bbox 411 1457 1607 1560; baseline 0.003 -36"><span class='ocrx_word' id='word_1_53' title='bbox 411 1459 560 1525; x_wconf 88' lang='lat' dir='ltr'>“Incubo</span> <span class='ocrx_word' id='word_1_54' title='bbox 571 1457 722 1558; x_wconf 80' lang='lat' dir='ltr'>genitus‚”</span> <span class='ocrx_word' id='word_1_55' title='bbox 736 1459 815 1559; x_wconf 76' lang='lat' dir='ltr'>alter</span> <span class='ocrx_word' id='word_1_56' title='bbox 828 1477 987 1547; x_wconf 85' lang='lat' dir='ltr'>perpetuae</span> <span class='ocrx_word' id='word_1_57' title='bbox 1002 1459 1169 1560; x_wconf 77' lang='lat' dir='ltr'>dementiae</span> <span class='ocrx_word' id='word_1_58' title='bbox 1183 1473 1216 1526; x_wconf 89' lang='lat' dir='ltr'>et</span> <span class='ocrx_word' id='word_1_59' title='bbox 1229 1459 1341 1560; x_wconf 73' lang='lat' dir='ltr'>siurone</span> <span class='ocrx_word' id='word_1_60' title='bbox 1355 1460 1460 1540; x_wconf 89' lang='lat' dir='ltr'>bomo,</span> <span class='ocrx_word' id='word_1_61' title='bbox 1475 1475 1607 1550; x_wconf 86' lang='lat' dir='ltr'>uterque</span> 
     </span>
     <span class='ocr_line' id='line_1_8' title="bbox 412 1545 1607 1734; baseline 0.003 -37"><span class='ocrx_word' id='word_1_62' title='bbox 412 1545 1607 1734; x_wconf 43' lang='grc' dir='ltr'>3ῗῶῗόῗὲῗέ,Ἓῑοῖιῗῖἑωξὲοωᾞίιῖωῧὲοᾝέἒιὶᾜ93ρῖιῖιὲῙέ</span> 
     </span>
    </p>

    <p class='ocr_par' dir='ltr' id='par_1_3' title="bbox 409 1717 1606 2241">
     <span class='ocr_line' id='line_1_9' title="bbox 435 1717 1605 1810; baseline 0.004 -27"><span class='ocrx_word' id='word_1_63' title='bbox 435 1717 605 1797; x_wconf 81' lang='lat' dir='ltr'>raedixisse‚</span> <span class='ocrx_word' id='word_1_64' title='bbox 628 1731 681 1784; x_wconf 89' lang='lat' dir='ltr'>aut</span> <span class='ocrx_word' id='word_1_65' title='bbox 695 1717 729 1783; x_wconf 87' lang='lat' dir='ltr'>in</span> <span class='ocrx_word' id='word_1_66' title='bbox 743 1718 839 1784; x_wconf 90' lang='lat' dir='ltr'>choro</span> <span class='ocrx_word' id='word_1_67' title='bbox 851 1720 1076 1808; x_wconf 86' lang='lat' dir='ltr'>prophetarum</span> <span class='ocrx_word' id='word_1_68' title='bbox 1090 1719 1303 1810; x_wconf 74' lang='lat' dir='ltr'>prophetdsse,</span> <span class='ocrx_word' id='word_1_69' title='bbox 1325 1720 1483 1800; x_wconf 70' lang='lat' dir='ltr'>cecinraee,</span> <span class='ocrx_word' id='word_1_70' title='bbox 1500 1722 1605 1788; x_wconf 90' lang='lat' dir='ltr'>Deum</span> 
     </span>
     <span class='ocr_line' id='line_1_10' title="bbox 410 1741 1604 1896; baseline 0.003 -25"><span class='ocrx_word' id='word_1_71' title='bbox 410 1741 561 1884; x_wconf 69' lang='lat' dir='ltr'>lbudtsre,</span> <span class='ocrx_word' id='word_1_72' title='bbox 576 1827 640 1872; x_wconf 90' lang='lat' dir='ltr'>non</span> <span class='ocrx_word' id='word_1_73' title='bbox 654 1804 713 1870; x_wconf 91' lang='lat' dir='ltr'>nisi</span> <span class='ocrx_word' id='word_1_74' title='bbox 728 1819 842 1884; x_wconf 84' lang='lat' dir='ltr'>sancta,</span> <span class='ocrx_word' id='word_1_75' title='bbox 852 1807 930 1872; x_wconf 89' lang='lat' dir='ltr'>seria</span> <span class='ocrx_word' id='word_1_76' title='bbox 943 1819 976 1873; x_wconf 87' lang='lat' dir='ltr'>et</span> <span class='ocrx_word' id='word_1_77' title='bbox 990 1806 1031 1872; x_wconf 91' lang='lat' dir='ltr'>ad</span> <span class='ocrx_word' id='word_1_78' title='bbox 1044 1819 1187 1872; x_wconf 87' lang='lat' dir='ltr'>sanctam</span> <span class='ocrx_word' id='word_1_79' title='bbox 1202 1829 1340 1895; x_wconf 89' lang='lat' dir='ltr'>scopum,</span> <span class='ocrx_word' id='word_1_80' title='bbox 1352 1806 1424 1874; x_wconf 89' lang='lat' dir='ltr'>Deo</span> <span class='ocrx_word' id='word_1_81' title='bbox 1437 1807 1604 1896; x_wconf 79' lang='lat' dir='ltr'>dirigente,</span> 
     </span>
     <span class='ocr_line' id='line_1_11' title="bbox 410 1891 1605 1960; baseline 0.003 -3"><span class='ocrx_word' id='word_1_82' title='bbox 410 1892 531 1958; x_wconf 86' lang='lat' dir='ltr'>locutos</span> <span class='ocrx_word' id='word_1_83' title='bbox 543 1891 636 1958; x_wconf 76' lang='lat' dir='ltr'>finisse</span> <span class='ocrx_word' id='word_1_84' title='bbox 651 1903 683 1957; x_wconf 90' lang='lat' dir='ltr'>et</span> <span class='ocrx_word' id='word_1_85' title='bbox 697 1891 868 1958; x_wconf 74' lang='lat' dir='ltr'>collimtsse</span> <span class='ocrx_word' id='word_1_86' title='bbox 882 1892 1055 1959; x_wconf 82' lang='lat' dir='ltr'>vaticinia?</span> <span class='ocrx_word' id='word_1_87' title='bbox 1097 1893 1180 1960; x_wconf 77' lang='lat' dir='ltr'>Clam</span> <span class='ocrx_word' id='word_1_88' title='bbox 1196 1893 1236 1959; x_wconf 88' lang='lat' dir='ltr'>de</span> <span class='ocrx_word' id='word_1_89' title='bbox 1251 1893 1384 1959; x_wconf 90' lang='lat' dir='ltr'>craculis</span> <span class='ocrx_word' id='word_1_90' title='bbox 1397 1893 1605 1960; x_wconf 86' lang='lat' dir='ltr'>Merlinorum</span> 
     </span>
     <span class='ocr_line' id='line_1_12' title="bbox 411 1979 1605 2068; baseline 0.003 -24"><span class='ocrx_word' id='word_1_91' title='bbox 411 1979 574 2044; x_wconf 66' lang='lat' dir='ltr'>manifeste</span> <span class='ocrx_word' id='word_1_92' title='bbox 589 1991 709 2044; x_wconf 85' lang='lat' dir='ltr'>constet</span> <span class='ocrx_word' id='word_1_93' title='bbox 721 1979 824 2046; x_wconf 88' lang='lat' dir='ltr'>cuivis</span> <span class='ocrx_word' id='word_1_94' title='bbox 838 1979 964 2046; x_wconf 86' lang='lat' dir='ltr'>cordato</span> <span class='ocrx_word' id='word_1_95' title='bbox 978 2002 1043 2045; x_wconf 92' lang='lat' dir='ltr'>non</span> <span class='ocrx_word' id='word_1_96' title='bbox 1058 1979 1119 2046; x_wconf 88' lang='lat' dir='ltr'>alia</span> <span class='ocrx_word' id='word_1_97' title='bbox 1129 2003 1195 2046; x_wconf 68' lang='lat' dir='ltr'>eme</span> <span class='ocrx_word' id='word_1_98' title='bbox 1209 1980 1305 2066; x_wconf 75' lang='lat' dir='ltr'>qulam</span> <span class='ocrx_word' id='word_1_99' title='bbox 1319 1979 1463 2068; x_wconf 85' lang='lat' dir='ltr'>nugacia,</span> <span class='ocrx_word' id='word_1_100' title='bbox 1474 1980 1605 2048; x_wconf 83' lang='lat' dir='ltr'>incerta·</span> 
     </span>
     <span class='ocr_line' id='line_1_13' title="bbox 411 2065 1606 2155; baseline 0.003 -25"><span class='ocrx_word' id='word_1_101' title='bbox 411 2089 474 2151; x_wconf 88' lang='lat' dir='ltr'>que</span> <span class='ocrx_word' id='word_1_102' title='bbox 494 2067 554 2130; x_wconf 87' lang='lat' dir='ltr'>aeni</span> <span class='ocrx_word' id='word_1_103' title='bbox 628 2077 670 2144; x_wconf 87' lang='lat' dir='ltr'>ta,</span> <span class='ocrx_word' id='word_1_104' title='bbox 696 2065 749 2132; x_wconf 84' lang='lat' dir='ltr'>vel</span> <span class='ocrx_word' id='word_1_105' title='bbox 764 2065 905 2131; x_wconf 88' lang='lat' dir='ltr'>Milesias</span> <span class='ocrx_word' id='word_1_106' title='bbox 918 2065 1049 2146; x_wconf 83' lang='lat' dir='ltr'>fabulas,</span> <span class='ocrx_word' id='word_1_107' title='bbox 1074 2067 1126 2133; x_wconf 87' lang='lat' dir='ltr'>vel</span> <span class='ocrx_word' id='word_1_108' title='bbox 1140 2080 1261 2155; x_wconf 87' lang='lat' dir='ltr'>apertas</span> <span class='ocrx_word' id='word_1_109' title='bbox 1275 2067 1403 2155; x_wconf 85' lang='lat' dir='ltr'>magias,</span> <span class='ocrx_word' id='word_1_110' title='bbox 1422 2080 1459 2132; x_wconf 86' lang='lat' dir='ltr'>ut</span> <span class='ocrx_word' id='word_1_111' title='bbox 1477 2067 1606 2133; x_wconf 90' lang='lat' dir='ltr'>demon-</span> 
     </span>
     <span class='ocr_line' id='line_1_14' title="bbox 409 2151 1431 2241; baseline 0.001 -23"><span class='ocrx_word' id='word_1_112' title='bbox 409 2165 508 2218; x_wconf 88' lang='lat' dir='ltr'>strant</span> <span class='ocrx_word' id='word_1_113' title='bbox 522 2153 558 2217; x_wconf 89' lang='grc' dir='ltr'>Α</span> <span class='ocrx_word' id='word_1_114' title='bbox 568 2174 645 2217; x_wconf 86' lang='lat' dir='ltr'>anus</span> <span class='ocrx_word' id='word_1_115' title='bbox 662 2151 790 2240; x_wconf 84' lang='lat' dir='ltr'>Scopas,</span> <span class='ocrx_word' id='word_1_116' title='bbox 808 2153 1032 2232; x_wconf 85' lang='lat' dir='ltr'>Stanihurstus‚</span> <span class='ocrx_word' id='word_1_117' title='bbox 1046 2165 1080 2219; x_wconf 87' lang='lat' dir='ltr'>et</span> <span class='ocrx_word' id='word_1_118' title='bbox 1094 2153 1160 2232; x_wconf 90' lang='lat' dir='ltr'>alii,</span> <span class='ocrx_word' id='word_1_119' title='bbox 1175 2153 1317 2241; x_wconf 86' lang='lat' dir='ltr'>exempli</span> <span class='ocrx_word' id='word_1_120' title='bbox 1330 2157 1431 2219; x_wconf 69' lang='lat' dir='ltr'>causa</span> 
     </span>
    </p>

    <p class='ocr_par' dir='ltr' id='par_1_4' title="bbox 405 2238 1606 3952">
     <span class='ocr_line' id='line_1_15' title="bbox 455 2238 1604 2328; baseline 0.002 -24"><span class='ocrx_word' id='word_1_121' title='bbox 455 2239 590 2305; x_wconf 82' lang='lat' dir='ltr'>Narrant</span> <span class='ocrx_word' id='word_1_122' title='bbox 604 2238 804 2304; x_wconf 76' lang='lat' dir='ltr'>admiratores</span> <span class='ocrx_word' id='word_1_123' title='bbox 819 2251 853 2305; x_wconf 87' lang='lat' dir='ltr'>et</span> <span class='ocrx_word' id='word_1_124' title='bbox 867 2239 1042 2306; x_wconf 78' lang='lat' dir='ltr'>laudatores</span> <span class='ocrx_word' id='word_1_125' title='bbox 1053 2239 1195 2319; x_wconf 86' lang='lat' dir='ltr'>Merlini,</span> <span class='ocrx_word' id='word_1_126' title='bbox 1210 2239 1314 2328; x_wconf 87' lang='lat' dir='ltr'>ipsum</span> <span class='ocrx_word' id='word_1_127' title='bbox 1328 2239 1391 2304; x_wconf 88' lang='lat' dir='ltr'>suis</span> <span class='ocrx_word' id='word_1_128' title='bbox 1405 2238 1604 2322; x_wconf 79' lang='lat' dir='ltr'>carminibus,</span> 
     </span>
     <span class='ocr_line' id='line_1_16' title="bbox 408 2325 1606 2426; baseline 0.002 -35"><span class='ocrx_word' id='word_1_129' title='bbox 408 2349 427 2392; x_wconf 94' lang='lat' dir='ltr'>e</span> <span class='ocrx_word' id='word_1_130' title='bbox 447 2339 557 2426; x_wconf 78' lang='lat' dir='ltr'>stagno</span> <span class='ocrx_word' id='word_1_131' title='bbox 583 2325 721 2411; x_wconf 86' lang='lat' dir='ltr'>quodam</span> <span class='ocrx_word' id='word_1_132' title='bbox 743 2325 925 2406; x_wconf 73' lang='lat' dir='ltr'>Britannia,</span> <span class='ocrx_word' id='word_1_133' title='bbox 963 2336 982 2366; x_wconf 78' lang='lat'>‘⁴</span> <span class='ocrx_word' id='word_1_134' title='bbox 996 2325 1107 2416; x_wconf 85' lang='lat' dir='ltr'>Dynas</span> <span class='ocrx_word' id='word_1_135' title='bbox 1133 2327 1265 2405; x_wconf 85' lang='lat' dir='ltr'>Emris,”</span> <span class='ocrx_word' id='word_1_136' title='bbox 1293 2325 1388 2404; x_wconf 85' lang='lat' dir='ltr'>dicto,</span> <span class='ocrx_word' id='word_1_137' title='bbox 1417 2326 1606 2393; x_wconf 85' lang='lat' dir='ltr'>dormientes</span> 
     </span>
     <span class='ocr_line' id='line_1_17' title="bbox 410 2411 1604 2500; baseline 0 -22"><span class='ocrx_word' id='word_1_138' title='bbox 410 2413 556 2478; x_wconf 84' lang='lat' dir='ltr'>eduxrsse</span> <span class='ocrx_word' id='word_1_139' title='bbox 570 2411 728 2492; x_wconf 84' lang='lat' dir='ltr'>dmcones‚</span> <span class='ocrx_word' id='word_1_140' title='bbox 744 2413 799 2498; x_wconf 88' lang='lat' dir='ltr'>qui</span> <span class='ocrx_word' id='word_1_141' title='bbox 813 2412 1040 2500; x_wconf 87' lang='lat' dir='ltr'>impedimento</span> <span class='ocrx_word' id='word_1_142' title='bbox 1055 2427 1142 2479; x_wconf 86' lang='lat' dir='ltr'>erant</span> <span class='ocrx_word' id='word_1_143' title='bbox 1152 2413 1245 2480; x_wconf 85' lang='lat' dir='ltr'>Vorti</span> <span class='ocrx_word' id='word_1_144' title='bbox 1268 2435 1343 2478; x_wconf 89' lang='lat' dir='ltr'>erno</span> <span class='ocrx_word' id='word_1_145' title='bbox 1357 2411 1424 2500; x_wconf 86' lang='lat' dir='ltr'>regi</span> <span class='ocrx_word' id='word_1_146' title='bbox 1440 2436 1481 2478; x_wconf 88' lang='lat' dir='ltr'>ne</span> <span class='ocrx_word' id='word_1_147' title='bbox 1492 2412 1604 2478; x_wconf 89' lang='lat' dir='ltr'>turrim</span> 
     </span>
     <span class='ocr_line' id='line_1_18' title="bbox 409 2437 1604 2589; baseline 0 -25"><span class='ocrx_word' id='word_1_148' title='bbox 409 2499 586 2566; x_wconf 70' lang='lat' dir='ltr'>edificaret.</span> <span class='ocrx_word' id='word_1_149' title='bbox 631 2499 749 2565; x_wconf 88' lang='lat' dir='ltr'>Iisdem</span> <span class='ocrx_word' id='word_1_150' title='bbox 762 2499 951 2566; x_wconf 77' lang='lat' dir='ltr'>carminibus</span> <span class='ocrx_word' id='word_1_151' title='bbox 966 2523 1023 2588; x_wconf 88' lang='lat' dir='ltr'>per</span> <span class='ocrx_word' id='word_1_152' title='bbox 1036 2513 1212 2589; x_wconf 83' lang='lat' dir='ltr'>gygantum</span> <span class='ocrx_word' id='word_1_153' title='bbox 1231 2437 1387 2576; x_wconf 67' lang='lat' dir='ltr'>eboreum,</span> <span class='ocrx_word' id='word_1_154' title='bbox 1408 2521 1451 2563; x_wconf 82' lang='lat' dir='ltr'>ex</span> <span class='ocrx_word' id='word_1_155' title='bbox 1476 2499 1604 2564; x_wconf 74' lang='lat' dir='ltr'>Ibernid</span> 
     </span>
     <span class='ocr_line' id='line_1_19' title="bbox 408 2585 1604 2676; baseline 0 -25"><span class='ocrx_word' id='word_1_156' title='bbox 408 2586 444 2652; x_wconf 89' lang='lat' dir='ltr'>in</span> <span class='ocrx_word' id='word_1_157' title='bbox 453 2586 659 2665; x_wconf 81' lang='lat' dir='ltr'>Britanniam,</span> <span class='ocrx_word' id='word_1_158' title='bbox 675 2585 851 2652; x_wconf 88' lang='lat' dir='ltr'>transmisso</span> <span class='ocrx_word' id='word_1_159' title='bbox 866 2609 992 2666; x_wconf 80' lang='lat' dir='ltr'>oceane,</span> <span class='ocrx_word' id='word_1_160' title='bbox 1004 2587 1181 2676; x_wconf 75' lang='lat' dir='ltr'>deportbsse</span> <span class='ocrx_word' id='word_1_161' title='bbox 1196 2585 1414 2675; x_wconf 83' lang='lat' dir='ltr'>prodigiosam,</span> <span class='ocrx_word' id='word_1_162' title='bbox 1426 2608 1496 2670; x_wconf 86' lang='lat' dir='ltr'>quae</span> <span class='ocrx_word' id='word_1_163' title='bbox 1508 2586 1604 2651; x_wconf 86' lang='lat' dir='ltr'>etiam</span> 
     </span>
     <span class='ocr_line' id='line_1_20' title="bbox 410 2671 1603 2773; baseline -0.001 -36"><span class='ocrx_word' id='word_1_164' title='bbox 410 2697 488 2738; x_wconf 91' lang='lat' dir='ltr'>num</span> <span class='ocrx_word' id='word_1_165' title='bbox 503 2673 599 2738; x_wconf 90' lang='lat' dir='ltr'>hodie</span> <span class='ocrx_word' id='word_1_166' title='bbox 614 2671 753 2738; x_wconf 84' lang='lat' dir='ltr'>cernitur</span> <span class='ocrx_word' id='word_1_167' title='bbox 761 2673 801 2737; x_wconf 89' lang='lat' dir='ltr'>-in</span> <span class='ocrx_word' id='word_1_168' title='bbox 823 2697 899 2773; x_wconf 73' lang='lat' dir='ltr'>agro</span> <span class='ocrx_word' id='word_1_169' title='bbox 916 2673 1097 2754; x_wconf 87' lang='lat' dir='ltr'>Severiano,</span> <span class='ocrx_word' id='word_1_170' title='bbox 1115 2675 1212 2760; x_wconf 82' lang='lat' dir='ltr'>juxta</span> <span class='ocrx_word' id='word_1_171' title='bbox 1226 2673 1311 2738; x_wconf 89' lang='lat' dir='ltr'>viam</span> <span class='ocrx_word' id='word_1_172' title='bbox 1321 2695 1390 2758; x_wconf 84' lang='lat' dir='ltr'>quae</span> <span class='ocrx_word' id='word_1_173' title='bbox 1405 2671 1445 2736; x_wconf 88' lang='lat' dir='ltr'>ab</span> <span class='ocrx_word' id='word_1_174' title='bbox 1459 2672 1603 2740; x_wconf 86' lang='lat' dir='ltr'>occiden-</span> 
     </span>
     <span class='ocr_line' id='line_1_21' title="bbox 407 2758 1603 2858; baseline 0 -34"><span class='ocrx_word' id='word_1_175' title='bbox 407 2760 523 2826; x_wconf 83' lang='lat' dir='ltr'>talibus</span> <span class='ocrx_word' id='word_1_176' title='bbox 547 2759 725 2847; x_wconf 81' lang='lat' dir='ltr'>Anglorum</span> <span class='ocrx_word' id='word_1_177' title='bbox 777 2846 784 2858; x_wconf 37' lang='lat'><strong>.</strong></span> <span class='ocrx_word' id='word_1_178' title='bbox 811 2760 873 2826; x_wconf 88' lang='lat' dir='ltr'>uhs</span> <span class='ocrx_word' id='word_1_179' title='bbox 894 2760 1076 2826; x_wconf 90' lang='lat' dir='ltr'>Londinum</span> <span class='ocrx_word' id='word_1_180' title='bbox 1097 2761 1171 2839; x_wconf 89' lang='lat' dir='ltr'>itur,</span> <span class='ocrx_word' id='word_1_181' title='bbox 1195 2758 1227 2824; x_wconf 91' lang='lat' dir='ltr'>la</span> <span class='ocrx_word' id='word_1_182' title='bbox 1247 2759 1335 2824; x_wconf 91' lang='lat' dir='ltr'>idum</span> <span class='ocrx_word' id='word_1_183' title='bbox 1354 2770 1542 2858; x_wconf 72' lang='lat' dir='ltr'>structuram</span> <span class='ocrx_word' id='word_1_184' title='bbox 1563 2758 1603 2824; x_wconf 91' lang='lat' dir='ltr'>de</span> 
     </span>
     <span class='ocr_line' id='line_1_22' title="bbox 408 2783 1603 2944; baseline -0.002 -32"><span class='ocrx_word' id='word_1_185' title='bbox 408 2851 472 2933; x_wconf 80' lang='lat' dir='ltr'>qut</span> <span class='ocrx_word' id='word_1_186' title='bbox 485 2845 628 2935; x_wconf 88' lang='lat' dir='ltr'>superius</span> <span class='ocrx_word' id='word_1_187' title='bbox 640 2870 704 2912; x_wconf 91' lang='lat' dir='ltr'>non</span> <span class='ocrx_word' id='word_1_188' title='bbox 717 2783 811 2911; x_wconf 67' lang='lat' dir='ltr'>adil</span> <span class='ocrx_word' id='word_1_189' title='bbox 822 2847 942 2913; x_wconf 90' lang='lat' dir='ltr'>dictum</span> <span class='ocrx_word' id='word_1_190' title='bbox 957 2847 1034 2926; x_wconf 64' lang='lat' dir='ltr'>fain</span> <span class='ocrx_word' id='word_1_191' title='bbox 1059 2847 1137 2913; x_wconf 86' lang='lat' dir='ltr'>item</span> <span class='ocrx_word' id='word_1_192' title='bbox 1162 2783 1248 2933; x_wconf 77' lang='lat' dir='ltr'>qubd</span> <span class='ocrx_word' id='word_1_193' title='bbox 1268 2845 1456 2911; x_wconf 79' lang='lat' dir='ltr'>carminibus</span> <span class='ocrx_word' id='word_1_194' title='bbox 1471 2845 1603 2944; x_wconf 72' lang='lat' dir='ltr'>ahisque</span> 
     </span>
     <span class='ocr_line' id='line_1_23' title="bbox 408 2931 1604 3022; baseline -0.001 -24"><span class='ocrx_word' id='word_1_195' title='bbox 408 2933 605 2999; x_wconf 87' lang='lat' dir='ltr'>coeremoniis</span> <span class='ocrx_word' id='word_1_196' title='bbox 620 2945 653 2998; x_wconf 91' lang='lat' dir='ltr'>et</span> <span class='ocrx_word' id='word_1_197' title='bbox 666 2932 941 3001; x_wconf 74' lang='lat' dir='ltr'>vaticinationibus</span> <span class='ocrx_word' id='word_1_198' title='bbox 963 2957 1070 3022; x_wconf 84' lang='lat' dir='ltr'>regem</span> <span class='ocrx_word' id='word_1_199' title='bbox 1086 2931 1358 3021; x_wconf 84' lang='lat' dir='ltr'>Uterpendragon,</span> <span class='ocrx_word' id='word_1_200' title='bbox 1379 2931 1414 2996; x_wconf 91' lang='lat' dir='ltr'>in</span> <span class='ocrx_word' id='word_1_201' title='bbox 1436 2931 1604 2998; x_wconf 82' lang='lat' dir='ltr'>Gerbordis</span> 
     </span>
     <span class='ocr_line' id='line_1_24' title="bbox 409 3018 1603 3107; baseline -0.003 -21"><span class='ocrx_word' id='word_1_202' title='bbox 409 3020 578 3087; x_wconf 80' lang='lat' dir='ltr'>Comubioe</span> <span class='ocrx_word' id='word_1_203' title='bbox 593 3018 703 3098; x_wconf 82' lang='lat' dir='ltr'>Ducis,</span> <span class='ocrx_word' id='word_1_204' title='bbox 727 3019 864 3107; x_wconf 85' lang='lat' dir='ltr'>speciem</span> <span class='ocrx_word' id='word_1_205' title='bbox 885 3019 1113 3087; x_wconf 66' lang='lat' dir='ltr'>transformarit</span> <span class='ocrx_word' id='word_1_206' title='bbox 1131 3033 1169 3084; x_wconf 90' lang='lat' dir='ltr'>ut</span> <span class='ocrx_word' id='word_1_207' title='bbox 1182 3019 1304 3107; x_wconf 71' lang='lat' dir='ltr'>[gerne</span> <span class='ocrx_word' id='word_1_208' title='bbox 1318 3019 1426 3084; x_wconf 83' lang='lat' dir='ltr'>uxoris</span> <span class='ocrx_word' id='word_1_209' title='bbox 1450 3018 1603 3106; x_wconf 88' lang='lat' dir='ltr'>potiretur</span> 
     </span>
     <span class='ocr_line' id='line_1_25' title="bbox 409 3103 1599 3194; baseline -0.002 -22"><span class='ocrx_word' id='word_1_210' title='bbox 409 3107 571 3194; x_wconf 86' lang='lat' dir='ltr'>amplexu,</span> <span class='ocrx_word' id='word_1_211' title='bbox 594 3117 628 3171; x_wconf 91' lang='lat' dir='ltr'>et</span> <span class='ocrx_word' id='word_1_212' title='bbox 651 3129 694 3171; x_wconf 87' lang='lat' dir='ltr'>ex</span> <span class='ocrx_word' id='word_1_213' title='bbox 719 3129 758 3170; x_wconf 92' lang='lat' dir='ltr'>eo</span> <span class='ocrx_word' id='word_1_214' title='bbox 784 3107 952 3173; x_wconf 84' lang='lat' dir='ltr'>concubitu</span> <span class='ocrx_word' id='word_1_215' title='bbox 977 3117 1155 3173; x_wconf 88' lang='lat' dir='ltr'>nasceretur</span> <span class='ocrx_word' id='word_1_216' title='bbox 1168 3107 1305 3170; x_wconf 83' lang='lat' dir='ltr'>Arnuus</span> <span class='ocrx_word' id='word_1_217' title='bbox 1329 3103 1383 3170; x_wconf 89' lang='lat' dir='ltr'>ille</span> <span class='ocrx_word' id='word_1_218' title='bbox 1408 3104 1599 3183; x_wconf 79' lang='lat' dir='ltr'>decantans,</span> 
     </span>
     <span class='ocr_line' id='line_1_26' title="bbox 409 3191 1602 3292; baseline -0.002 -34"><span class='ocrx_word' id='word_1_219' title='bbox 409 3215 504 3278; x_wconf 90' lang='lat' dir='ltr'>quem</span> <span class='ocrx_word' id='word_1_220' title='bbox 513 3215 673 3277; x_wconf 90' lang='lat' dir='ltr'>nunquam</span> <span class='ocrx_word' id='word_1_221' title='bbox 685 3203 718 3258; x_wconf 86' lang='lat' dir='ltr'>at</span> <span class='ocrx_word' id='word_1_222' title='bbox 726 3215 880 3292; x_wconf 75' lang='lat' dir='ltr'>nusquam</span> <span class='ocrx_word' id='word_1_223' title='bbox 894 3193 1038 3260; x_wconf 81' lang='lat' dir='ltr'>extitisse</span> <span class='ocrx_word' id='word_1_224' title='bbox 1052 3193 1140 3258; x_wconf 89' lang='lat' dir='ltr'>aiunt</span> <span class='ocrx_word' id='word_1_225' title='bbox 1151 3192 1292 3280; x_wconf 83' lang='lat' dir='ltr'>plerique</span> <span class='ocrx_word' id='word_1_226' title='bbox 1301 3215 1374 3257; x_wconf 90' lang='lat' dir='ltr'>cum</span> <span class='ocrx_word' id='word_1_227' title='bbox 1386 3191 1418 3255; x_wconf 89' lang='lat' dir='ltr'>N</span> <span class='ocrx_word' id='word_1_228' title='bbox 1418 3191 1602 3279; x_wconf 85' lang='lat' dir='ltr'>subrigense</span> 
     </span>
     <span class='ocr_line' id='line_1_27' title="bbox 409 3276 1604 3376; baseline -0.002 -32"><span class='ocrx_word' id='word_1_229' title='bbox 409 3295 442 3344; x_wconf 88' lang='lat' dir='ltr'>ct</span> <span class='ocrx_word' id='word_1_230' title='bbox 456 3277 668 3344; x_wconf 86' lang='lat' dir='ltr'>Genebrardo.</span> <span class='ocrx_word' id='word_1_231' title='bbox 712 3279 853 3344; x_wconf 73' lang='lat' dir='ltr'>Plurima</span> <span class='ocrx_word' id='word_1_232' title='bbox 867 3279 928 3344; x_wconf 89' lang='lat' dir='ltr'>alia</span> <span class='ocrx_word' id='word_1_233' title='bbox 942 3279 1072 3346; x_wconf 89' lang='lat' dir='ltr'>Merlini</span> <span class='ocrx_word' id='word_1_234' title='bbox 1093 3278 1218 3345; x_wconf 85' lang='lat' dir='ltr'>oracula</span> <span class='ocrx_word' id='word_1_235' title='bbox 1238 3276 1435 3376; x_wconf 80' lang='lat' dir='ltr'>aenigmatica</span> <span class='ocrx_word' id='word_1_236' title='bbox 1456 3277 1604 3364; x_wconf 86' lang='lat' dir='ltr'>leguntur</span> 
     </span>
     <span class='ocr_line' id='line_1_28' title="bbox 408 3363 1602 3453; baseline -0.003 -22"><span class='ocrx_word' id='word_1_237' title='bbox 408 3366 493 3453; x_wconf 85' lang='lat' dir='ltr'>apud</span> <span class='ocrx_word' id='word_1_238' title='bbox 521 3365 727 3431; x_wconf 84' lang='lat' dir='ltr'>fabulatorem</span> <span class='ocrx_word' id='word_1_239' title='bbox 756 3365 945 3445; x_wconf 81' lang='lat' dir='ltr'>Gallridum‚</span> <span class='ocrx_word' id='word_1_240' title='bbox 975 3366 1029 3432; x_wconf 90' lang='lat' dir='ltr'>lib.</span> <span class='ocrx_word' id='word_1_241' title='bbox 1052 3369 1074 3430; x_wconf 90' lang='lat'>4</span> <span class='ocrx_word' id='word_1_242' title='bbox 1095 3389 1158 3431; x_wconf 83' lang='lat' dir='ltr'>sure</span> <span class='ocrx_word' id='word_1_243' title='bbox 1188 3365 1336 3430; x_wconf 83' lang='lat' dir='ltr'>Histonae</span> <span class='ocrx_word' id='word_1_244' title='bbox 1365 3363 1541 3443; x_wconf 86' lang='lat' dir='ltr'>Britonnm,</span> <span class='ocrx_word' id='word_1_245' title='bbox 1570 3377 1602 3429; x_wconf 88' lang='lat' dir='ltr'>et</span> 
     </span>
     <span class='ocr_line' id='line_1_29' title="bbox 405 3450 1603 3540; baseline -0.003 -24"><span class='ocrx_word' id='word_1_246' title='bbox 405 3473 512 3540; x_wconf 88' lang='lat' dir='ltr'>sparsa</span> <span class='ocrx_word' id='word_1_247' title='bbox 525 3465 599 3517; x_wconf 88' lang='lat' dir='ltr'>sunt</span> <span class='ocrx_word' id='word_1_248' title='bbox 623 3474 680 3540; x_wconf 90' lang='lat' dir='ltr'>per</span> <span class='ocrx_word' id='word_1_249' title='bbox 704 3450 800 3518; x_wconf 89' lang='lat' dir='ltr'>libros</span> <span class='ocrx_word' id='word_1_250' title='bbox 814 3451 1020 3532; x_wconf 83' lang='lat' dir='ltr'>Gambrcnsis,</span> <span class='ocrx_word' id='word_1_251' title='bbox 1042 3475 1113 3539; x_wconf 80' lang='lat' dir='ltr'>quae</span> <span class='ocrx_word' id='word_1_252' title='bbox 1128 3451 1181 3518; x_wconf 87' lang='lat' dir='ltr'>vel</span> <span class='ocrx_word' id='word_1_253' title='bbox 1196 3463 1363 3537; x_wconf 86' lang='lat' dir='ltr'>antequam</span> <span class='ocrx_word' id='word_1_254' title='bbox 1376 3451 1533 3528; x_wconf 81' lang='lat' dir='ltr'>eveniant,</span> <span class='ocrx_word' id='word_1_255' title='bbox 1551 3451 1603 3536; x_wconf 88' lang='lat' dir='ltr'>ju·</span> 
     </span>
     <span class='ocr_line' id='line_1_30' title="bbox 408 3536 1603 3629; baseline -0.003 -24"><span class='ocrx_word' id='word_1_256' title='bbox 408 3540 486 3606; x_wconf 84' lang='lat' dir='ltr'>bont</span> <span class='ocrx_word' id='word_1_257' title='bbox 499 3561 632 3628; x_wconf 74' lang='lat' dir='ltr'>sperma,</span> <span class='ocrx_word' id='word_1_258' title='bbox 654 3538 707 3604; x_wconf 88' lang='lat' dir='ltr'>vel</span> <span class='ocrx_word' id='word_1_259' title='bbox 720 3562 793 3604; x_wconf 90' lang='lat' dir='ltr'>cum</span> <span class='ocrx_word' id='word_1_260' title='bbox 808 3539 973 3606; x_wconf 83' lang='lat' dir='ltr'>evenerint</span> <span class='ocrx_word' id='word_1_261' title='bbox 985 3543 1135 3629; x_wconf 87' lang='lat' dir='ltr'>promissa</span> <span class='ocrx_word' id='word_1_262' title='bbox 1148 3537 1262 3604; x_wconf 87' lang='lat' dir='ltr'>audeas</span> <span class='ocrx_word' id='word_1_263' title='bbox 1275 3560 1350 3603; x_wconf 82' lang='lat' dir='ltr'>reta</span> <span class='ocrx_word' id='word_1_264' title='bbox 1366 3536 1535 3614; x_wconf 57' lang='lat' dir='ltr'>affirmata</span> <span class='ocrx_word' id='word_1_265' title='bbox 1558 3536 1603 3601; x_wconf 89' lang='lat' dir='ltr'>ita</span> 
     </span>
     <span class='ocr_line' id='line_1_31' title="bbox 407 3624 1602 3714; baseline -0.003 -23"><span class='ocrx_word' id='word_1_266' title='bbox 407 3639 442 3691; x_wconf 88' lang='lat' dir='ltr'>et</span> <span class='ocrx_word' id='word_1_267' title='bbox 455 3624 626 3714; x_wconf 85' lang='lat' dir='ltr'>composita</span> <span class='ocrx_word' id='word_1_268' title='bbox 647 3625 781 3706; x_wconf 86' lang='lat' dir='ltr'>oracula,</span> <span class='ocrx_word' id='word_1_269' title='bbox 803 3639 840 3692; x_wconf 89' lang='lat' dir='ltr'>ut</span> <span class='ocrx_word' id='word_1_270' title='bbox 854 3627 963 3692; x_wconf 87' lang='lat' dir='ltr'>eadem</span> <span class='ocrx_word' id='word_1_271' title='bbox 978 3627 1019 3692; x_wconf 85' lang='lat' dir='ltr'>ad</span> <span class='ocrx_word' id='word_1_272' title='bbox 1033 3625 1132 3692; x_wconf 88' lang='lat' dir='ltr'>multa</span> <span class='ocrx_word' id='word_1_273' title='bbox 1152 3624 1345 3690; x_wconf 83' lang='lat' dir='ltr'>diversamm</span> <span class='ocrx_word' id='word_1_274' title='bbox 1359 3645 1463 3688; x_wconf 89' lang='lat' dir='ltr'>rerum</span> <span class='ocrx_word' id='word_1_275' title='bbox 1478 3637 1602 3700; x_wconf 83' lang='lat' dir='ltr'>eventa,</span> 
     </span>
     <span class='ocr_line' id='line_1_32' title="bbox 407 3709 1603 3802; baseline -0.003 -24"><span class='ocrx_word' id='word_1_276' title='bbox 407 3713 548 3779; x_wconf 90' lang='lat' dir='ltr'>sensibus</span> <span class='ocrx_word' id='word_1_277' title='bbox 572 3711 728 3802; x_wconf 73' lang='lat' dir='ltr'>ambiguis</span> <span class='ocrx_word' id='word_1_278' title='bbox 749 3725 783 3780; x_wconf 88' lang='lat' dir='ltr'>et</span> <span class='ocrx_word' id='word_1_279' title='bbox 803 3713 1032 3802; x_wconf 81' lang='lat' dir='ltr'>multiplicibus</span> <span class='ocrx_word' id='word_1_280' title='bbox 1051 3711 1295 3779; x_wconf 82' lang='lat' dir='ltr'>circumflectere</span> <span class='ocrx_word' id='word_1_281' title='bbox 1318 3723 1351 3776; x_wconf 87' lang='lat' dir='ltr'>at</span> <span class='ocrx_word' id='word_1_282' title='bbox 1368 3709 1603 3776; x_wconf 83' lang='lat' dir='ltr'>accommodare</span> 
     </span>
     <span class='ocr_line' id='line_1_33' title="bbox 406 3795 1604 3952; baseline -0.003 -87"><span class='ocrx_word' id='word_1_283' title='bbox 406 3799 477 3950; x_wconf 48' lang='lat' dir='ltr'>pluis</span> <span class='ocrx_word' id='word_1_284' title='bbox 491 3799 595 3887; x_wconf 89' lang='lat' dir='ltr'>possit.</span> <span class='ocrx_word' id='word_1_285' title='bbox 641 3799 707 3866; x_wconf 87' lang='lat' dir='ltr'>Sed</span> <span class='ocrx_word' id='word_1_286' title='bbox 719 3800 760 3866; x_wconf 89' lang='lat' dir='ltr'>de</span> <span class='ocrx_word' id='word_1_287' title='bbox 774 3801 841 3866; x_wconf 82' lang='lat' dir='ltr'>istis</span> <span class='ocrx_word' id='word_1_288' title='bbox 854 3801 1032 3952; x_wconf 69' lang='lat' dir='ltr'>imposturis</span> <span class='ocrx_word' id='word_1_289' title='bbox 1046 3798 1206 3951; x_wconf 79' lang='lat' dir='ltr'>etperitit</span> <span class='ocrx_word' id='word_1_290' title='bbox 1220 3797 1354 3897; x_wconf 77' lang='lat' dir='ltr'>Gyraldl</span> <span class='ocrx_word' id='word_1_291' title='bbox 1368 3795 1402 3896; x_wconf 77' lang='lat' dir='ltr'>in</span> <span class='ocrx_word' id='word_1_292' title='bbox 1416 3795 1604 3884; x_wconf 88' lang='lat' dir='ltr'>amplecten-</span> 
     </span>
    </p>

    <p class='ocr_par' dir='ltr' id='par_1_5' title="bbox 405 3883 1619 4759">
     <span class='ocr_line' id='line_1_34' title="bbox 432 3883 1603 3975; baseline -0.003 -24"><span class='ocrx_word' id='word_1_293' title='bbox 432 3886 457 3951; x_wconf 77' lang='grc' dir='ltr'>ἰ</span> <span class='ocrx_word' id='word_1_294' title='bbox 481 3885 752 3975; x_wconf 86' lang='lat' dir='ltr'>superstitionibus</span> <span class='ocrx_word' id='word_1_295' title='bbox 777 3911 834 3975; x_wconf 89' lang='lat' dir='ltr'>pro</span> <span class='ocrx_word' id='word_1_296' title='bbox 858 3909 892 3954; x_wconf 86' lang='lat' dir='ltr'>re</span> <span class='ocrx_word' id='word_1_297' title='bbox 941 3889 1021 3964; x_wconf 74' lang='lat' dir='ltr'>bne,</span> <span class='ocrx_word' id='word_1_298' title='bbox 1047 3911 1087 3953; x_wconf 83' lang='lat' dir='ltr'>ve</span> <span class='ocrx_word' id='word_1_299' title='bbox 1125 3884 1320 3950; x_wconf 82' lang='lat' dir='ltr'>mirabibbus</span> <span class='ocrx_word' id='word_1_300' title='bbox 1346 3885 1474 3961; x_wconf 77' lang='lat' dir='ltr'>arabus,</span> <span class='ocrx_word' id='word_1_301' title='bbox 1501 3883 1603 3968; x_wconf 89' lang='lat' dir='ltr'>deque</span> 
     </span>
     <span class='ocr_line' id='line_1_35' title="bbox 406 3969 1603 4059; baseline -0.004 -21"><span class='ocrx_word' id='word_1_302' title='bbox 406 3986 521 4038; x_wconf 88' lang='lat' dir='ltr'>conatu</span> <span class='ocrx_word' id='word_1_303' title='bbox 547 3997 610 4059; x_wconf 91' lang='lat' dir='ltr'>quo</span> <span class='ocrx_word' id='word_1_304' title='bbox 624 3973 789 4040; x_wconf 85' lang='lat' dir='ltr'>contendit</span> <span class='ocrx_word' id='word_1_305' title='bbox 809 3975 901 4041; x_wconf 85' lang='lat' dir='ltr'>defen</span> <span class='ocrx_word' id='word_1_306' title='bbox 925 3999 976 4042; x_wconf 90' lang='lat' dir='ltr'>ere</span> <span class='ocrx_word' id='word_1_307' title='bbox 1000 3973 1153 4040; x_wconf 78' lang='lat' dir='ltr'>divinitus</span> <span class='ocrx_word' id='word_1_308' title='bbox 1177 3971 1306 4048; x_wconf 86' lang='lat' dir='ltr'>infusos,</span> <span class='ocrx_word' id='word_1_309' title='bbox 1329 3969 1511 4056; x_wconf 71' lang='lat' dir='ltr'>sincereque</span> <span class='ocrx_word' id='word_1_310' title='bbox 1556 3993 1603 4034; x_wconf 88' lang='lat' dir='ltr'>ro-</span> 
     </span>
     <span class='ocr_line' id='line_1_36' title="bbox 407 3993 1599 4149; baseline -0.003 -26"><span class='ocrx_word' id='word_1_311' title='bbox 407 4059 548 4147; x_wconf 87' lang='lat' dir='ltr'>pheticos</span> <span class='ocrx_word' id='word_1_312' title='bbox 563 4057 656 4126; x_wconf 71' lang='lat' dir='ltr'>finisse</span> <span class='ocrx_word' id='word_1_313' title='bbox 671 4061 798 4149; x_wconf 77' lang='lat' dir='ltr'>spiritam</span> <span class='ocrx_word' id='word_1_314' title='bbox 813 4085 930 4141; x_wconf 87' lang='lat' dir='ltr'>eorum,</span> <span class='ocrx_word' id='word_1_315' title='bbox 949 4086 1026 4149; x_wconf 89' lang='lat' dir='ltr'>quos</span> <span class='ocrx_word' id='word_1_316' title='bbox 1041 4073 1162 4128; x_wconf 89' lang='lat' dir='ltr'>constat</span> <span class='ocrx_word' id='word_1_317' title='bbox 1175 4081 1206 4122; x_wconf 90' lang='lat' dir='ltr'>m</span> <span class='ocrx_word' id='word_1_318' title='bbox 1250 4056 1306 4122; x_wconf 83' lang='lat' dir='ltr'>&#39;cis</span> <span class='ocrx_word' id='word_1_319' title='bbox 1319 4055 1457 4122; x_wconf 88' lang='lat' dir='ltr'>imbutos</span> <span class='ocrx_word' id='word_1_320' title='bbox 1471 3993 1599 4134; x_wconf 74' lang='lat' dir='ltr'>artibus,</span> 
     </span>
     <span class='ocr_line' id='line_1_37' title="bbox 405 4081 1602 4247; baseline -0.004 -36"><span class='ocrx_word' id='word_1_321' title='bbox 405 4160 439 4211; x_wconf 86' lang='lat' dir='ltr'>et</span> <span class='ocrx_word' id='word_1_322' title='bbox 453 4145 565 4247; x_wconf 77' lang='lat' dir='ltr'>spiritu</span> <span class='ocrx_word' id='word_1_323' title='bbox 579 4146 689 4214; x_wconf 90' lang='lat' dir='ltr'>ductos</span> <span class='ocrx_word' id='word_1_324' title='bbox 703 4148 868 4230; x_wconf 86' lang='lat' dir='ltr'>diabolico,</span> <span class='ocrx_word' id='word_1_325' title='bbox 890 4149 961 4237; x_wconf 88' lang='lat' dir='ltr'>plus</span> <span class='ocrx_word' id='word_1_326' title='bbox 975 4147 1047 4216; x_wconf 73' lang='lat' dir='ltr'>sans</span> <span class='ocrx_word' id='word_1_327' title='bbox 1062 4147 1183 4212; x_wconf 74' lang='lat' dir='ltr'>dicaam</span> <span class='ocrx_word' id='word_1_328' title='bbox 1193 4081 1328 4209; x_wconf 59' lang='lat' dir='ltr'>vidbtur.</span> <span class='ocrx_word' id='word_1_329' title='bbox 1384 4142 1494 4240; x_wconf 66' lang='lat' dir='ltr'>Solum</span> <span class='ocrx_word' id='word_1_330' title='bbox 1507 4154 1602 4238; x_wconf 75' lang='lat' dir='ltr'>restat</span> 
     </span>
     <span class='ocr_line' id='line_1_38' title="bbox 407 4227 1603 4321; baseline -0.006 -23"><span class='ocrx_word' id='word_1_331' title='bbox 407 4233 487 4298; x_wconf 80' lang='lat' dir='ltr'>mibi</span> <span class='ocrx_word' id='word_1_332' title='bbox 523 4233 698 4300; x_wconf 89' lang='lat' dir='ltr'>monendus</span> <span class='ocrx_word' id='word_1_333' title='bbox 721 4234 829 4316; x_wconf 88' lang='lat' dir='ltr'>lector,</span> <span class='ocrx_word' id='word_1_334' title='bbox 858 4259 923 4302; x_wconf 89' lang='lat' dir='ltr'>non</span> <span class='ocrx_word' id='word_1_335' title='bbox 946 4235 1089 4302; x_wconf 89' lang='lat' dir='ltr'>debuisse</span> <span class='ocrx_word' id='word_1_336' title='bbox 1113 4230 1291 4321; x_wconf 85' lang='lat' dir='ltr'>Gyraldum</span> <span class='ocrx_word' id='word_1_337' title='bbox 1319 4227 1397 4293; x_wconf 89' lang='lat' dir='ltr'>adeo</span> <span class='ocrx_word' id='word_1_338' title='bbox 1417 4249 1522 4292; x_wconf 81' lang='lat' dir='ltr'>maran</span> <span class='ocrx_word' id='word_1_339' title='bbox 1548 4241 1603 4292; x_wconf 89' lang='lat' dir='ltr'>aut</span> 
     </span>
     <span class='ocr_line' id='line_1_39' title="bbox 407 4312 1602 4424; baseline -0.005 -40"><span class='ocrx_word' id='word_1_340' title='bbox 407 4321 488 4408; x_wconf 75' lang='lat' dir='ltr'>aegre</span> <span class='ocrx_word' id='word_1_341' title='bbox 503 4319 583 4386; x_wconf 88' lang='lat' dir='ltr'>ferre</span> <span class='ocrx_word' id='word_1_342' title='bbox 598 4320 693 4386; x_wconf 88' lang='lat' dir='ltr'>libros</span> <span class='ocrx_word' id='word_1_343' title='bbox 708 4345 777 4387; x_wconf 90' lang='lat' dir='ltr'>suos</span> <span class='ocrx_word' id='word_1_344' title='bbox 794 4325 907 4411; x_wconf 88' lang='lat' dir='ltr'>passim</span> <span class='ocrx_word' id='word_1_345' title='bbox 937 4323 1095 4424; x_wconf 87' lang='lat' dir='ltr'>plerisque</span> <span class='ocrx_word' id='word_1_346' title='bbox 1118 4341 1231 4384; x_wconf 86' lang='lat' dir='ltr'>exosos</span> <span class='ocrx_word' id='word_1_347' title='bbox 1251 4315 1355 4393; x_wconf 73' lang='lat' dir='ltr'>finisse,</span> <span class='ocrx_word' id='word_1_348' title='bbox 1376 4312 1429 4413; x_wconf 69' lang='lat' dir='ltr'>pel</span> <span class='ocrx_word' id='word_1_349' title='bbox 1457 4313 1498 4376; x_wconf 94' lang='lat' dir='ltr'>ob</span> <span class='ocrx_word' id='word_1_350' title='bbox 1520 4312 1602 4412; x_wconf 75' lang='lat' dir='ltr'>hanc</span> 
     </span>
     <span class='ocr_line' id='line_1_40' title="bbox 407 4401 1619 4488; baseline -0.008 -16"><span class='ocrx_word' id='word_1_351' title='bbox 407 4427 541 4486; x_wconf 87' lang='lat' dir='ltr'>causam,</span> <span class='ocrx_word' id='word_1_352' title='bbox 564 4405 592 4472; x_wconf 87' lang='lat' dir='ltr'>si</span> <span class='ocrx_word' id='word_1_353' title='bbox 611 4406 678 4472; x_wconf 89' lang='lat' dir='ltr'>aliae</span> <span class='ocrx_word' id='word_1_354' title='bbox 700 4408 852 4488; x_wconf 85' lang='lat' dir='ltr'>deessent,</span> <span class='ocrx_word' id='word_1_355' title='bbox 877 4409 1027 4476; x_wconf 77' lang='lat' dir='ltr'>nimirum</span> <span class='ocrx_word' id='word_1_356' title='bbox 1045 4407 1176 4474; x_wconf 86' lang='lat' dir='ltr'>suadere</span> <span class='ocrx_word' id='word_1_357' title='bbox 1195 4403 1268 4468; x_wconf 88' lang='lat' dir='ltr'>illos</span> <span class='ocrx_word' id='word_1_358' title='bbox 1284 4401 1461 4478; x_wconf 84' lang='lat' dir='ltr'>lectonbus,</span> <span class='ocrx_word' id='word_1_359' title='bbox 1487 4412 1520 4462; x_wconf 87' lang='lat' dir='ltr'>at</span> <span class='ocrx_word' id='word_1_360' title='bbox 1545 4417 1619 4463; x_wconf 83' lang='lat' dir='ltr'>rm··</span> 
     </span>
     <span class='ocr_line' id='line_1_41' title="bbox 407 4489 1603 4583; baseline -0.008 -24"><span class='ocrx_word' id='word_1_361' title='bbox 407 4494 503 4559; x_wconf 88' lang='lat' dir='ltr'>buere</span> <span class='ocrx_word' id='word_1_362' title='bbox 518 4517 537 4558; x_wconf 95' lang='grc' dir='ltr'>ο</span> <span class='ocrx_word' id='word_1_363' title='bbox 558 4493 718 4560; x_wconf 87' lang='lat' dir='ltr'>inionibus</span> <span class='ocrx_word' id='word_1_364' title='bbox 732 4519 767 4561; x_wconf 90' lang='lat' dir='ltr'>su</span> <span class='ocrx_word' id='word_1_365' title='bbox 809 4496 952 4562; x_wconf 82' lang='lat' dir='ltr'>ratitiosis</span> <span class='ocrx_word' id='word_1_366' title='bbox 965 4493 1159 4583; x_wconf 74' lang='lat' dir='ltr'>aruspicium,</span> <span class='ocrx_word' id='word_1_367' title='bbox 1168 4489 1361 4573; x_wconf 85' lang='lat' dir='ltr'>aliarumque</span> <span class='ocrx_word' id='word_1_368' title='bbox 1376 4508 1542 4574; x_wconf 85' lang='lat' dir='ltr'>pravarum</span> <span class='ocrx_word' id='word_1_369' title='bbox 1557 4509 1603 4550; x_wconf 87' lang='lat' dir='ltr'>ar·</span> 
     </span>
     <span class='ocr_line' id='line_1_42' title="bbox 406 4517 1604 4672; baseline -0.004 -30"><span class='ocrx_word' id='word_1_370' title='bbox 406 4580 497 4659; x_wconf 87' lang='lat' dir='ltr'>tium,</span> <span class='ocrx_word' id='word_1_371' title='bbox 520 4517 644 4646; x_wconf 86' lang='lat' dir='ltr'>allicere</span> <span class='ocrx_word' id='word_1_372' title='bbox 659 4585 754 4646; x_wconf 88' lang='lat' dir='ltr'>etiam</span> <span class='ocrx_word' id='word_1_373' title='bbox 769 4519 899 4648; x_wconf 55' lang='lat' dir='ltr'>blara</span> <span class='ocrx_word' id='word_1_374' title='bbox 913 4584 953 4650; x_wconf 87' lang='lat' dir='ltr'>ad</span> <span class='ocrx_word' id='word_1_375' title='bbox 967 4580 1142 4649; x_wconf 87' lang='lat' dir='ltr'>faciendam</span> <span class='ocrx_word' id='word_1_376' title='bbox 1157 4577 1252 4642; x_wconf 89' lang='lat' dir='ltr'>fidem</span> <span class='ocrx_word' id='word_1_377' title='bbox 1272 4572 1439 4650; x_wconf 84' lang='lat' dir='ltr'>dementiis</span> <span class='ocrx_word' id='word_1_378' title='bbox 1449 4571 1604 4672; x_wconf 68' lang='lat' dir='ltr'>Manlius-</span> 
     </span>
     <span class='ocr_line' id='line_1_43' title="bbox 407 4659 1507 4759; baseline -0.007 -28"><span class='ocrx_word' id='word_1_379' title='bbox 407 4687 487 4747; x_wconf 84' lang='lat' dir='ltr'>rutn,</span> <span class='ocrx_word' id='word_1_380' title='bbox 504 4691 582 4754; x_wconf 89' lang='lat' dir='ltr'>quos</span> <span class='ocrx_word' id='word_1_381' title='bbox 595 4681 715 4734; x_wconf 85' lang='lat' dir='ltr'>constat</span> <span class='ocrx_word' id='word_1_382' title='bbox 730 4668 823 4735; x_wconf 83' lang='lat' dir='ltr'>luisse</span> <span class='ocrx_word' id='word_1_383' title='bbox 839 4669 949 4737; x_wconf 88' lang='lat' dir='ltr'>ductos</span> <span class='ocrx_word' id='word_1_384' title='bbox 963 4669 1076 4759; x_wconf 83' lang='lat' dir='ltr'>spiritu</span> <span class='ocrx_word' id='word_1_385' title='bbox 1091 4663 1247 4732; x_wconf 85' lang='lat' dir='ltr'>diabolico</span> <span class='ocrx_word' id='word_1_386' title='bbox 1262 4673 1317 4728; x_wconf 90' lang='lat' dir='ltr'>aut</span> <span class='ocrx_word' id='word_1_387' title='bbox 1331 4659 1507 4749; x_wconf 77' lang='lat' dir='ltr'>phanatica.</span> 
     </span>
    </p>
   </div>
   <div class='ocr_carea' id='block_1_3' title="bbox 1825 3865 1829 4038">
    <p class='ocr_par' dir='ltr' id='par_1_6' title="bbox 1825 3843 1829 4038">
     <span class='ocr_line' id='line_1_44' title="bbox 1825 3865 1829 4038; baseline 0 0"><span class='ocrx_word' id='word_1_388' title='bbox 1825 3865 1829 4038; x_wconf 79' lang='lat' dir='ltr'>l</span> 
     </span>
    </p>
   </div>
   <div class='ocr_carea' id='block_1_4' title="bbox 0 0 1890 6007">
    <p class='ocr_par' dir='ltr' id='par_1_7' title="bbox 0 0 1890 6007">
     <span class='ocr_line' id='line_1_45' title="bbox 0 0 1890 6007; baseline 0 0"><span class='ocrx_word' id='word_1_389' title='bbox 0 0 1890 6007; x_wconf 95' lang='lat' dir='ltr'> </span> 
     </span>
    </p>
   </div>
  </div>
 </body>
</html>
