3772 6008
295 781 373 830 ors.
391 763 453 851 vr]
630 780 811 828 rronoers
825 779 896 830 rao
911 780 1097 828 ursarum.
1446 763 1485 825 ii

295 957 395 1014 mum,
420 959 484 1002 non
507 933 620 1016 arietis,
642 935 697 1001 sed
719 936 823 1026 caprei
845 935 934 1022 quasi
954 959 1011 1024 pro
1037 933 1142 1012 ovino,
1164 933 1216 1000 cui
1237 933 1397 1001 simillima
1417 947 1490 998 sunt

296 1045 376 1100 ossa,
388 1045 461 1088 cum
476 1021 561 1108 illius
575 1023 689 1088 notatis
702 1020 824 1089 rimulis
844 1045 1011 1111 parumper
1025 1035 1059 1087 et
1079 1019 1260 1108 signiacum
1276 1019 1489 1098 admiratione,

241 1105 246 1116 ¹
294 1108 438 1195 subjecit,
454 1107 597 1174 “infelix
610 1133 705 1197 pecus
719 1133 789 1196 quse
803 1133 964 1196 nunquam
978 1107 1069 1174 novit
1088 1106 1308 1196 multiplicari!
1330 1106 1445 1174 infelix
1458 1119 1492 1172 ct

296 1195 428 1346 pecudis
449 1195 603 1274 dominus,
626 1195 681 1283 qui
695 1219 858 1282 nunquam
872 1192 955 1262 ultra
968 1207 1031 1262 tres
1047 1206 1102 1262 aut
1115 1207 1248 1282 quatuor
1260 1195 1295 1259 in
1309 1217 1374 1260 uno
1394 1217 1491 1282 grege

321 1284 412 1349 abere
427 1281 594 1371 praevaluit
601 1283 625 1347 i’

340 1368 428 1433 Dum
452 1369 529 1435 item
552 1369 657 1447 refers,
679 1369 921 1436 destructionem
943 1367 1050 1458 patriae
1067 1363 1253 1458 (Cambriae)
1277 1380 1347 1468 post
1368 1363 1488 1434 obitum

298 1454 431 1521 Henrici
446 1456 473 1520 Ι.
488 1455 570 1544 regis
583 1455 774 1544 Anglorum,
796 1481 878 1522 anno
900 1468 934 1523 et
955 1454 1087 1521 dimidio
1108 1455 1180 1522 autb
1201 1479 1364 1544 praevrsam
1386 1453 1420 1518 in
1434 1453 1490 1518 hrr-

295 1542 389 1608 meris
406 1542 525 1628 (nescio
542 1566 581 1608 an
596 1543 762 1608 hominum
776 1542 943 1632 intelligat,
960 1567 1000 1609 an
1014 1542 1210 1631 pecudumi)
1235 1540 1300 1628 qui,
1317 1541 1491 1628 inspectan-

193 1635 197 1644 '
296 1641 354 1707 tes,
369 1629 505 1695 venditis
518 1629 671 1695 universis
686 1653 755 1715 quas
771 1630 929 1696 habebant
942 1642 1008 1695 tarn
1022 1628 1192 1696 mobilibus
1207 1629 1302 1716 qubm
1324 1625 1493 1692 immobili-

296 1714 365 1794 bus,
387 1715 561 1796 indemnes,
590 1740 647 1816 per
666 1716 863 1796 industriam,
886 1741 941 1783 seu
962 1715 1123 1782 scientiam
1143 1715 1346 1804 inspectionis
1366 1713 1491 1792 ossium,

297 1816 369 1880 etc,
392 1802 525 1890 “patrii
545 1802 665 1884 relrcti,
687 1801 853 1869 imminens
868 1803 1030 1869 excidium
1044 1804 1233 1869 evaserunt.’'
1276 1803 1363 1867 Dum
1377 1825 1491 1879 narras,

298 1889 464 1974 quemdam
487 1913 530 1954 ex
551 1889 640 1956 istius
662 1889 735 1955 artis
756 1889 906 1956 mirandas
927 1889 1082 1978 magistris
1104 1890 1241 1956 “vicino
1263 1913 1320 1954 suo
1342 1913 1376 1955 os
1397 1887 1492 1974 hujus

298 1975 385 2040 modi
400 1975 441 2041 ad
455 1975 685 2064 inspiciendum
700 1975 914 2042 transmississe
929 1976 1140 2064 perlatorem,
1162 1977 1219 2063 qui
1240 1977 1313 2044 sirm
1335 1973 1437 2041 obiter
1457 1975 1492 2039 in

298 2061 352 2127 vii
365 2061 475 2128 fossam
497 2063 664 2130 transiliret
684 2061 755 2128 fissi
775 2075 862 2142 nate,
881 2087 932 2130 cre
954 2063 1036 2128 itum
1058 2062 1167 2143 edidit,
1190 2087 1284 2150 quem
1306 2062 1410 2128 statim
1431 2060 1494 2132 viri

298 2148 436 2228 naribus,
458 2149 548 2235 cujus
569 2154 660 2216 caua
674 2151 858 2228 vexabatur,
880 2087 984 2216 verbis
998 2162 1030 2216 et
1044 2150 1126 2216 votis
1147 2149 1326 2238 adoptavit;
1348 2147 1403 2214 ille
1417 2171 1492 2215 vero

299 2235 351 2300 cui
366 2237 556 2335 portabatur,
576 2259 661 2302 armo
675 2236 826 2336 inspecto,
848 2235 934 2303 illico
956 2237 1099 2324 subjecit,
1122 2246 1142 2276 “
1154 2237 1210 2304 sed
1223 2237 1327 2316 frater,
1348 2235 1384 2302 id
1407 2236 1493 2322 quod

298 2321 379 2386 mihi
394 2322 606 2410 adoptaveras,
620 2323 655 2387 in
668 2325 796 2390 naribus
809 2324 950 2391 habeas.”

342 2409 430 2474 Dum
444 2409 572 2475 tandem
586 2433 735 2490 recenses,
745 2411 832 2498 quod
845 2423 878 2478 et
891 2411 1029 2478 notabile
1039 2434 1154 2490 censes,
1167 2420 1187 2450 “
1200 2411 1367 2497 quemdam
1380 2410 1493 2476 nostris

298 2494 410 2562 diebus
424 2496 498 2561 ossis
511 2495 716 2584 inspectorem
730 2521 794 2562 non
808 2497 909 2564 solirm
923 2498 1051 2576 furtum,
1067 2497 1204 2584 furtique
1219 2511 1369 2576 tenorem,
1392 2497 1494 2564 iurem

298 2581 414 2692 ipsum,
435 2583 621 2670 fruendique
643 2584 771 2650 modum
787 2597 820 2650 et
842 2583 1087 2650 circumstantias
1102 2605 1210 2650 omnes
1230 2583 1425 2672 inspiciendo
1438 2608 1494 2650 no-

298 2681 388 2748 tasse,
400 2671 509 2735 verbm
521 2684 554 2736 et
564 2694 722 2758 campanae
736 2671 861 2760 pulsum
876 2683 909 2736 et
921 2670 1004 2738 tubae
1019 2671 1155 2736 sonitum
1170 2696 1206 2737 ac
1221 2671 1246 2736 si
1260 2670 1495 2758 praesentialiter

297 2755 401 2822 adhuc
416 2770 592 2856 agerentur,
615 2782 684 2845 quae
702 2757 770 2843 jam
792 2759 949 2846 praeterita
970 2758 1095 2823 fuerant
1115 2757 1247 2824 audisse.
1305 2752 1350 2822 Et
1371 2756 1492 2822 miraris
1590 2779 1592 2782 ·

298 2842 502 2910 nihilomrnus
516 2869 552 2910 ac
566 2844 754 2923 lamentaris,
776 2855 845 2910 tuos
858 2843 954 2910 libros
975 2843 1128 2932 inspersos
1148 2843 1215 2910 istis
1237 2845 1367 2930 aliisque
1389 2842 1492 2932 nugis,

298 2942 331 2994 et
344 2929 488 2996 ludibriis
503 2930 665 2998 diabolicis
680 2955 716 2996 ac
730 2930 1029 3018 superstitionibus*
1053 2943 1176 2998 contem
1201 2945 1247 2998 tos
1262 2944 1355 3082 atpue
1370 2954 1492 3010 exosos,

299 3039 363 3081 non
377 3029 433 3083 tuo
447 3030 578 3105 patrono
593 3017 739 3118 primario
755 3017 982 3096 tantummodo,
1003 3017 1144 3084 Henrico
1197 3068 1204 3082 .
1219 3018 1298 3107 Aug
1310 3039 1399 3083 cmm
1414 3017 1492 3106 regi,

298 3101 356 3168 sed
370 3116 403 3169 et
416 3101 481 3168 fere
504 3116 623 3170 oaeterrs
649 3104 793 3169 omnibus
815 3104 939 3192 passim,
962 3105 1028 3170 sive
1050 3103 1211 3171 domestici
1232 3105 1318 3172 cives
1339 3118 1393 3170 aut
1406 3103 1494 3169 farni-

279 3225 281 3234 ν
299 3187 390 3255 liares
403 3189 463 3256 tibi
477 3190 603 3271 fuerint,
618 3190 684 3257 sive
699 3192 842 3257 extranei
856 3192 996 3270 lectores,
1011 3192 1051 3257 de
1066 3191 1358 3278 quorumextremi
1371 3190 1495 3256 inscitii

299 3275 352 3342 vel
367 3275 528 3342 oscitantii
541 3302 606 3344 non
625 3301 812 3366 praesumere
827 3279 970 3358 debebas,
993 3278 1079 3365 quod
1099 3303 1163 3345 non
1183 3277 1274 3344 facile
1288 3279 1337 3344 ins
1359 3277 1441 3344 icere
1463 3291 1496 3343 et

298 3361 406 3428 videre
424 3377 562 3462 possent,
584 3387 696 3430 crassas
708 3376 742 3430 et
755 3366 878 3431 crebras
899 3365 996 3432 latere
1017 3364 1250 3453 superstitiones
1263 3365 1298 3430 in
1311 3303 1377 3442 ilii,
1400 3388 1495 3450 quam

299 3462 335 3514 tu
350 3449 519 3529 admiraris,
534 3460 553 3491 “
567 3463 632 3517 arte
647 3451 790 3518 miranda
800 3451 1002 3539 inspectionis
1018 3453 1143 3531 ossium,
1152 3451 1305 3518 missionis
1319 3451 1374 3518 teli
1388 3449 1494 3538 igniti,

298 3535 339 3601 ad
377 3535 499 3602 ellenda
513 3561 645 3624 quaeque
661 3538 877 3625 phantasmata
889 3539 1066 3604 daemouum
1078 3552 1133 3604 aut
1146 3539 1288 3618 aliorum,
1310 3537 1496 3628 egressionis

299 3623 339 3722 be
365 3646 454 3722 orum
467 3647 504 3739 ap
519 3624 735 3703 certaminum,
750 3625 947 3713 potissimum
960 3625 996 3692 in
1011 3624 1063 3692 die
1078 3625 1199 3706 Martis,
1222 3625 1262 3691 ad
1275 3623 1495 3714 reportandam

302 3723 476 3776 victoriam.

295 3859 302 3880 ,
339 3794 420 3862 Haec
433 3821 497 3863 non
511 3811 674 3886 postremae
688 3811 761 3866 sunt
774 3822 884 3878 causae,
896 3796 927 3865 Ο
938 3798 1102 3878 (lambent
1117 3823 1175 3866 cur
1188 3799 1309 3866 dudum
1325 3799 1396 3865 ante
1406 3797 1495 3864 dixe·
1534 3787 1539 3804 ’

331 4000 347 4028 '
363 3998 435 4061 Qun
445 4001 526 4052 miror
538 4005 565 4052 te
574 4001 733 4066 theologum,
747 4015 826 4054 sacru
835 4001 937 4066 pagins
947 4001 1126 4067 interpretem,
1139 4003 1226 4054 virum
1237 4003 1423 4062 doctissimum,
1437 4017 1495 4054 aru·

298 4063 465 4124 ditissimum,
485 4067 617 4129 egregium
636 4067 826 4131 philosophum,
848 4080 959 4131 nonpro
970 4069 1308 4150 massissuperstitiouibus,
1322 4069 1439 4131 nihilque
1449 4072 1496 4118 ant

301 4129 346 4180 vix
356 4145 373 4179 a
382 4130 525 4181 manifestis
535 4129 628 4194 magiis
638 4131 746 4182 diversis
764 4133 891 4192 habuisse,
910 4139 937 4182 et
948 4146 1000 4183 non
1010 4134 1159 4197 reprobasse
1170 4139 1295 4197 tanquam
1305 4139 1374 4184 artes
1384 4133 1496 4200 :edoctas

299 4207 317 4244 s
326 4194 428 4246 diabolo
437 4199 571 4258 presente,
586 4201 613 4247 et
622 4195 811 4260 inspectoribus
821 4198 918 4248 ossium
929 4197 1072 4260 inspirante
1082 4205 1161 4262 atque
1171 4200 1306 4250 assistente
1316 4204 1344 4250 et
1353 4199 1493 4257 revelante,

301 4273 354 4308 non
365 4260 516 4320 ex'rimulis
529 4261 613 4320 busin,
626 4271 673 4311 sut
683 4260 777 4312 naturi
787 4262 892 4320 ossium,
904 4262 1072 4312 salassorum
1083 4278 1129 4314 seu
1139 4265 1275 4325 elisorum,
1289 4279 1335 4314 seu
1345 4263 1493 4322 crudorum,

300 4323 345 4374 ssd
357 4325 399 4374 sel
410 4323 479 4376 mere
490 4325 624 4377 divinante
633 4327 662 4376 in
672 4327 801 4378 incertum
812 4325 951 4378 defuturis
962 4326 1181 4390 contingentibus,
1198 4331 1232 4380 sb
1242 4329 1351 4380 arbitrio
1360 4329 1496 4380 hominum

300 4388 481 4452 pendentibus,
501 4389 544 4441 vel
560 4389 620 4442 verb
638 4392 776 4444 nunbante
793 4393 826 4443 de
844 4391 983 4456 preteritis
1001 4393 1108 4453 dudum,
1130 4393 1172 4444 vel
1189 4395 1268 4445 etiam
1279 4395 1311 4446 de
1327 4393 1496 4458 presentibus

302 4457 428 4532 tempore,
447 4454 504 4506 loco
522 4457 679 4534 absentibus,
700 4457 813 4508 exteribs
832 4463 919 4508 temen
937 4462 1021 4522 etper
1039 4459 1170 4510 sensibilia
1179 4459 1432 4522 agnaquaeosnon
1443 4471 1494 4508 nos

302 4521 744 4662 upupppppppemugpmmemm
755 4586 873 4650 superius
884 4587 954 4638 dicta
965 4587 997 4638 de
1008 4589 1062 4638 tuis
1079 4603 1172 4652 parum
1181 4593 1330 4640 reverenter
1344 4602 1406 4652 erga
1416 4559 1495 4639 eccle-

300 4662 365 4698 sram
376 4649 426 4700 Der
437 4650 592 4700 mrlrtautem
602 4655 630 4701 et
640 4657 741 4701 sanctos
760 4667 825 4716 quos
837 4653 908 4711 coiit,
928 4655 1062 4716 propensis
1073 4659 1099 4704 ct
1117 4669 1194 4704 saum
1204 4659 1232 4705 et
1241 4653 1334 4705 verbis.
1369 4655 1406 4704 Ut
1416 4655 1495 4703 etism

297 4719 448 4792 preteream
459 4719 558 4766 atroces
568 4729 585 4766 a
595 4719 622 4766 te
633 4716 752 4779 vulgatos
763 4717 874 4769 famosos
884 4724 912 4768 et
922 4719 1058 4772 mendaces
1076 4719 1175 4771 libellos
1185 4719 1214 4770 in
1223 4718 1358 4770 infamiam
1368 4718 1495 4770 universas

296 4783 382 4841 genus
393 4779 539 4831 christiana
551 4785 578 4832 et
589 4779 721 4832 catholice
732 4783 898 4836 Ibemorum.
