3772 6008
304 856 382 905 cnr.
398 837 462 926 vn]
659 853 842 903 aronocrs
857 855 928 903 rso
944 855 1131 902 ursanum.
1463 841 1501 906 81

304 1011 397 1078 initio
411 1034 479 1098 cap.
497 1010 548 1108 lli,
564 1009 722 1108 recensitis
738 1035 756 1075 a
770 1010 938 1099 Gyraldo,)
955 1023 1031 1076 etc:
1047 987 1066 1050 ‘¹‘
1079 1010 1193 1110 quibus
1211 1010 1450 1160 (obppctoribus)
1466 1013 1503 1078 id

304 1099 406 1164 solum
421 1095 506 1184 quod
519 1119 555 1159 m
568 1096 650 1163 hbro
665 1097 801 1198 Regum,
817 1122 884 1185 cap.
902 1100 932 1176 1,
948 1098 988 1162 de
1005 1097 1098 1162 Saule
1114 1097 1239 1247 legpun
1258 1113 1260 1119 '

1296 1097 1419 1163 avidem
1476 1124 1503 1163 r·

305 1197 465 1285 sequente,
494 1184 676 1270 respondeo,
703 1185 864 1270 quiscum
879 1183 1048 1270 accepisset
1064 1183 1140 1248 Saul
1189 1183 1313 1248 aridem
1327 1184 1362 1248 in
1376 1123 1505 1264 Naildlh,

305 1273 362 1337 ubr
376 1283 443 1336 crat
457 1293 574 1336 cuneus
588 1270 820 1370 prophetarum,
842 1270 1052 1358 transiirgisse,
1074 1269 1159 1334 misit
1180 1269 1310 1335 lectores
1325 1270 1358 1334 in
1373 1271 1503 1350 Naioth,

307 1371 343 1423 ut
353 1369 501 1446 caperent
514 1356 683 1436 Davrdem,
696 1357 832 1444 quicum
845 1356 995 1422 vidissent
1005 1380 1061 1444 pro
1084 1356 1173 1422 betas
1188 1369 1220 1422 et
1233 1357 1412 1424 Samuelem
1424 1371 1504 1424 stan·

307 1458 372 1510 tem
396 1467 489 1532 super
512 1467 575 1521 eos,
601 1444 699 1509 sactus
713 1456 760 1510 est
780 1442 815 1508 in
829 1442 891 1508 illis
912 1443 1037 1532 spiritus
1053 1380 1196 1522 bomini,
1219 1455 1251 1508 et
1265 1444 1503 1531 prophetabant,

307 1530 455 1617 misitque
470 1530 621 1596 secundos
635 1543 668 1596 et
680 1530 788 1595 tertios
802 1530 939 1609 nuntios,
962 1529 1017 1616 qui
1043 1543 1075 1595 et
1089 1528 1148 1618 ipsi
1196 1529 1449 1630 rophetaverunt,
1472 1545 1505 1597 et

308 1617 404 1683 iratus
420 1617 496 1682 Saul
511 1615 589 1682 abiit
603 1631 672 1705 post
686 1640 748 1696 eos,
763 1628 796 1682 et
811 1629 976 1703 antequam
990 1616 1114 1681 veniret
1127 1615 1162 1680 in
1174 1553 1304 1696 llaroth,
1327 1617 1505 1706 ingrediens

307 1704 524 1792 prophetabat,
540 1715 573 1768 ct
587 1705 675 1789 quasi
690 1726 796 1770 amens
809 1703 917 1782 factus,
933 1716 966 1768 et
980 1716 1095 1768 exutus
1109 1716 1196 1768 veste
1210 1704 1308 1791 regit,
1323 1709 1390 1769 tou
1403 1705 1456 1770 die
1471 1719 1504 1770 ct

308 1805 402 1857 nocte
425 1801 531 1855 cantat
552 1811 625 1855 cum
650 1791 777 1869 caeteris,
804 1790 930 1856 Davide
956 1801 989 1856 et
1013 1790 1159 1856 Samuele
1189 1790 1270 1855 clam
1300 1790 1505 1857 videntibus.”

309 1876 410 1943 “Nec
424 1875 549 1955 mirum,
576 1876 602 1942 si
616 1876 664 1942 illi
688 1876 743 1964 qui
755 1874 902 1964 spiritum
918 1876 1061 1954 Domini,
1085 1877 1252 1962 deumque
1277 1877 1412 1966 desuper
1436 1902 1504 1966 grs-

309 1963 388 2028 tiam
413 1976 543 2042 tantam,
567 1962 742 2052 suscipiunt
767 1987 786 2028 a
808 1976 938 2028 terrcnae
966 1962 1080 2028 mentis
1107 1963 1234 2029 interim
1263 1977 1346 2028 statu
1375 1964 1503 2030 alienari

308 2050 500 2116 videantur.”
542 2049 737 2138 Dignissima
751 2049 870 2115 scilicet
883 2049 1042 2138 responsio
1058 2061 1143 2116 tanto
1169 2050 1328 2202 theologo,
1350 2075 1504 2117 sacrarum

310 2137 484 2202 litterarum
509 2135 683 2224 interpreti,
705 2136 773 2201 viro
797 2136 1018 2223 undecumque
1033 2135 1252 2216 eruditissimo,
1291 2137 1455 2218 octissimo,
1472 2151 1505 2204 et

310 2222 452 2312 scriptori
523 2222 659 2302 vissimo,
681 2223 771 2309 cujus
786 2224 823 2289 eb
843 2246 942 2310 usquc
967 2223 1112 2311 pervenit
1135 2222 1248 2312 peritia
1272 2224 1447 2314 theologica
1470 2225 1505 2290 in

310 2309 466 2376 defenden
491 2309 515 2373 's
530 2307 683 2389 Merlinis,
698 2323 735 2374 ut
748 2309 784 2374 in
797 2333 905 2376 eorum
919 2310 1052 2398 gratiam
1066 2333 1131 2375 non
1145 2310 1270 2376 dubitet
1284 2311 1387 2377 dicere
1403 2335 1504 2401 arrep-

310 2396 407 2474 titios,
423 2419 651 2484 energumenos
665 2408 697 2462 et
711 2396 879 2484 phanatico
894 2397 996 2462 firrore
1017 2397 1151 2485 percitos
1172 2397 1329 2464 idolorum
1350 2399 1445 2464 etiam
1460 2423 1504 2466 sa·

311 2485 462 2563 cerdotes,
498 2482 603 2548 nando
614 2488 718 2550 emota
726 2495 815 2549 crant
824 2495 940 2561 mente,
957 2483 1142 2550 Homericos
1153 2482 1367 2564 Calchantem,
1378 2484 1505 2551 Cassan·

311 2571 409 2648 dmm,
425 2583 458 2636 et
508 2570 642 2648 alanum,
670 2569 847 2636 divinantes
873 2569 1032 2636 defuturo
1052 2570 1178 2636 excidio
1200 2570 1318 2659 patriae,
1333 2571 1373 2637 de
1388 2586 1504 2638 eventu

311 2657 410 2744 praelii
425 2669 458 2723 et
472 2656 612 2722 victoriae
628 2655 767 2734 Caesaris,
790 2669 861 2735 etc,
883 2680 947 2722 non
966 2657 1043 2723 mali
1064 2656 1223 2736 daemonis,
1245 2657 1300 2723 sed
1321 2671 1426 2723 sancto
1440 2658 1505 2724 Dei

311 2744 423 2831 spiritu
438 2742 557 2809 afflatos
571 2743 674 2809 fuisse.
719 2743 806 2824 Quin
828 2743 923 2808 etiam
939 2767 976 2808 eo
997 2742 1129 2808 ulterilrs
1142 2757 1292 2831 provecta
1306 2757 1352 2810 est
1367 2744 1500 2834 Gyraldi

310 2830 440 2896 scientia
454 2843 486 2895 et
500 2829 661 2917 sapientia,
675 2842 713 2894 nt
727 2843 838 2895 asserat
852 2829 996 2918 spiritum
1008 2829 1082 2909 Dei,
1094 2843 1127 2895 et
1140 2853 1287 2918 coposam
1307 2854 1402 2916 quam
1416 2855 1505 2897 men·

311 2917 395 2984 tibus
408 2915 525 2982 infudit
549 2917 681 3004 gratiam
706 2917 810 3004 (cujus
825 2916 994 2994 virescat,
1020 2928 1057 2980 ut
1072 2928 1211 2982 mentam
1236 2916 1335 3004 magis
1357 2918 1501 2994 illustret,

311 3027 345 3069 sa
366 3004 464 3069 ientib
488 3003 620 3082 imbuat,
647 3003 814 3068 amentiam
839 3014 872 3068 et
895 3002 1116 3090 incompositos
1139 3002 1253 3068 mentis
1278 3015 1380 3070 motus
1409 3017 1504 3091 atque

311 3028 478 3178 caliginem
493 3090 656 3178 excludat)
673 3089 713 3156 de
750 3101 879 3156 otestute
893 3089 1007 3154 mentis
1020 3089 1181 3154 bominem
1195 3089 1332 3176 dejiciat,
1347 3104 1503 3156 amentem

311 3190 344 3242 et
357 3177 446 3263 quasi
461 3177 655 3264 arreptitium
670 3114 797 3242 reddatl
841 3176 950 3264 Digna
964 3175 1083 3241 scilicet
1104 3176 1255 3255 doctrina,
1280 3201 1349 3263 quae
1365 3179 1404 3242 ab
1424 3179 1504 3243 auri·

310 3265 369 3330 bus
384 3262 513 3329 eruditis
528 3276 560 3328 et
584 3262 751 3328 christiana
765 3262 906 3342 veritate,
927 3261 1109 3350 dignissime
1129 3263 1169 3329 de
1184 3262 1248 3328 Dei
1268 3277 1374 3329 sancto
1392 3264 1502 3351 spiritu

311 3363 345 3416 et
358 3351 459 3438 gratia
472 3350 636 3428 sentiente,
651 3350 780 3416 imbutis
795 3349 949 3429 audiatur,
961 3363 994 3414 et
1006 3372 1071 3414 non
1086 3349 1191 3438 potibs
1204 3351 1315 3438 procul
1329 3350 1370 3416 ad
1385 3375 1503 3431 orcum,

312 3437 353 3504 ad
374 3438 559 3516 daemonem,
583 3436 638 3523 qui
656 3435 745 3501 illum
765 3436 931 3524 inspiravit
953 3436 1132 3524 ablegeturl
1177 3436 1221 3502 Et
1238 3449 1364 3523 quanta,
1390 3461 1503 3524 quase,

311 3549 376 3590 sese
422 3523 505 3589 rodit
529 3523 586 3588 sim
609 3523 710 3588 licitas
733 3524 815 3589 male
838 3523 966 3589 credula
985 3521 1194 3601 cambrensis,
1238 3547 1287 3589 uae
1310 3524 1505 3591 Talmudicis

313 3611 529 3676 Rabbmorum
540 3610 562 3676 J
564 3547 722 3676 udoeorum
731 3609 845 3676 fabulis
854 3623 887 3675 et
900 3609 1028 3675 somniis
1041 3610 1179 3688 credens,
1190 3547 1355 3676 arbitratur
1363 3611 1506 3676 Alexan·

312 3697 404 3762 drum
430 3696 639 3762 Macedonem
658 3696 842 3763 miraculose
869 3697 936 3784 (vel
962 3696 1057 3762 etiam
1083 3696 1145 3761 alio
1173 3696 1282 3782 modo)
1313 3697 1504 3764 transtulisse

313 3796 435 3850 montes
450 3783 597 3871 Caspios!
621 3783 747 3864 Quanta
761 3782 915 3871 ignoratio
930 3782 1058 3848 sincerae
1071 3782 1211 3848 historiae
1225 3783 1310 3868 qubd
1321 3783 1507 3851 Alexander

311 3894 395 3936 novo
408 3869 561 3936 miraculo
584 3868 762 3955 (autetiam
777 3869 840 3935 alio
854 3870 948 3936 modo
962 3870 1044 3950 ullo)
1065 3869 1147 3935 intra
1172 3869 1304 3935 claustra
1318 3869 1505 3958 Caspiorum

313 3957 468 4022 montium
482 3969 631 4043 tanquam
645 3957 680 4021 in
695 3979 817 4022 carcere
832 3955 1018 4022 concluserit
1032 3957 1141 4022 decem
1154 3954 1255 4022 tribus
1269 3956 1291 4022 J
1292 3957 1411 4022 udaicae
1473 3983 1508 4024 n·

312 4043 374 4110 tis?
402 4045 497 4130 qubm
512 4043 642 4131 puerilis
655 4042 814 4131 persuasio
829 4042 939 4108 hausta
952 4067 972 4107 a
987 4041 1201 4122 Talmudistis,
1224 4043 1310 4129 qubd
1335 4043 1370 4108 in
1383 3982 1508 4110 hodier-

311 4155 389 4197 num
403 4154 502 4216 usque
528 4130 613 4195 diem
637 4129 720 4195 intra
743 4153 775 4195 se
798 4143 831 4195 ta
845 4129 1031 4218 Caspiorum
1057 4130 1237 4195 eorumdem
1263 4130 1420 4197 resideant
1444 4131 1507 4198 illae
1560 4161 1563 4168 ·

313 4219 422 4284 decem
437 4215 561 4282 tribus?
582 4217 676 4316 qubm
691 4153 803 4281 frivoli
816 4215 934 4305 opinio,
947 4215 1032 4302 qubd
1046 4215 1196 4302 usquead
1210 4215 1307 4282 linem
1322 4217 1433 4283 mundi
1442 4219 1509 4284 sive

310 4306 352 4370 ad
366 4305 536 4370 adventum
547 4303 627 4368 Ehae
642 4316 675 4368 et
683 4303 795 4369 Enoch
809 4303 959 4383 incolent,
975 4315 1008 4368 et
1021 4302 1132 4368 inclusi
1147 4301 1328 4370 residebunt
1341 4304 1423 4370 intra
1437 4304 1511 4372 Cas·

312 4390 437 4481 piorum
452 4389 623 4456 ambitum!

360 4477 466 4558 Qubm
481 4478 555 4542 verb
571 4475 643 4563 apte
658 4475 826 4565 Gyraldus,
852 4500 923 4563 quae
945 4500 988 4542 ex
1003 4481 1087 4543 sacra
1111 4477 1227 4566 pagina
1240 4477 1367 4567 profert,
1392 4502 1510 4545 accom-

315 4564 424 4630 modat
449 4561 511 4628 suis
536 4585 588 4626 ma
611 4562 636 4628 's
651 4563 819 4630 Merlinis?
840 4587 963 4664 prorsus
984 4563 1036 4629 ine
1058 4564 1101 4643 te,
1124 4576 1156 4629 et
1180 4587 1290 4652 parum
1313 4565 1423 4653 perite,
1449 4565 1510 4632 nisi

317 4651 444 4717 fortame
456 4649 535 4716 velit
550 4587 661 4715 ebdlem
676 4663 741 4716 arte
756 4673 921 4738 aruspices,
943 4587 1086 4729 harioldus,
1103 4673 1210 4738 magos
1225 4673 1363 4737 quosque
1379 4664 1411 4717 et
1425 4675 1511 4717 ener-

318 4760 479 4826 gumenos,
506 4736 784 4836 loquentes‘variis
806 4737 933 4824 linguis,
959 4749 1146 4825 augurantes
1170 4737 1211 4802 de
1233 4737 1326 4802 variis
1348 4738 1512 4804 eventibus

318 4847 422 4891 rerum
437 4835 673 4912 praeterrtartrm,
691 4823 902 4913 presentium,
918 4835 972 4890 aut
985 4825 1170 4903 futurmum,
1182 4822 1348 4889 defendere
1363 4837 1511 4911 tanquam

321 4910 438 4976 afflatos
463 4933 527 4976 non
551 4910 725 4977 daemonico
748 4911 802 4977 sed
828 4911 937 4976 divino
960 4911 1080 5001 spiritu.
1125 4911 1193 4976 Nec
1209 4909 1289 4974 vidit
1304 4910 1512 4990 Cambrensis,
