3772 6008
403 667 466 734 100
763 683 946 734 aroucam
966 683 1037 734 sno
1058 683 1244 747 urrunnun,
1406 667 1498 756 [car.
1515 685 1593 735 vm.

402 853 463 907 eto.
507 839 621 905 Narrat
634 838 750 906 multos
764 839 877 920 adhuc,
893 864 912 906 a
926 840 1037 907 diebus
1053 839 1086 907 S.
1102 839 1228 906 Patritii
1242 862 1340 926 usque
1355 839 1395 906 ad
1409 851 1490 921 tuos,
1502 840 1594 908 fuisse

401 928 436 992 in
450 925 610 993 nonnullis
624 925 760 992 lberniae
774 951 813 994 an
858 927 908 1006 lis,
923 927 978 1012 qui
993 950 1154 1014 nunquam
1169 927 1325 994 audierint
1339 926 1378 992 de
1394 927 1520 993 Christo
1541 929 1594 993 vel

402 1013 555 1101 religione
571 1012 758 1079 Christiani.
835 1015 901 1080 uasi
915 1015 990 1080 verb
1004 1027 1069 1080 tam
1090 1014 1250 1080 immensae
1272 1013 1471 1079 vastitudinis
1491 1015 1594 1080 insula

402 1112 482 1166 esset
495 1098 632 1178 Ibernia,
653 1113 690 1165 ut
711 1100 752 1166 ad
773 1102 841 1202 ejus
861 1112 1018 1167 extremos
1039 1101 1169 1188 angulos
1190 1123 1254 1168 non
1275 1101 1412 1189 potierit
1433 1101 1592 1180 Patritius,

402 1199 457 1254 aut
481 1186 537 1286 qui
560 1185 665 1273 ipsum
691 1186 850 1253 christiani
872 1187 989 1253 infiniti
1012 1186 1168 1254 subsecuti
1189 1187 1324 1266 firerunt,
1348 1187 1448 1274 spatio
1473 1189 1539 1254 700
1561 1200 1594 1254 et

400 1273 535 1361 amphus
558 1295 709 1353 amorum,
734 1297 831 1360 usque
856 1274 896 1339 ad
921 1274 989 1341 dies
1011 1274 1138 1354 tuos,O
1162 1274 1307 1353 (lambet,
1340 1297 1406 1339 non
1433 1275 1594 1362 potuerint

401 1372 574 1449 penetrare,
598 1372 737 1426 autnon
758 1361 937 1428 voluerint?
959 1374 1014 1427 aut
1035 1361 1122 1447 quasi
1143 1361 1320 1426 verosimile
1337 1360 1426 1440 foret,
1449 1361 1594 1426 “incolas

401 1447 614 1534 angulorum,’'
629 1470 706 1533 quos
720 1446 825 1536 fingis,
839 1448 976 1527 illorum,
991 1448 1017 1513 si
1031 1448 1090 1513 ulli
1103 1471 1168 1513 non
1181 1448 1223 1514 ba
1245 1447 1332 1512 tiaati
1345 1447 1429 1512 inter
1442 1469 1495 1512 eos
1510 1448 1592 1513 exti-

401 1533 520 1614 tissent,
535 1533 638 1599 nullos
651 1533 779 1620 reliquas
805 1535 939 1602 Iberniae
962 1534 1101 1601 viderint
1123 1546 1177 1600 aut
1202 1471 1331 1600 adoeuti
1355 1533 1471 1600 fuerint
1495 1533 1590 1600 chris

400 1619 510 1702 tianos,
525 1620 580 1706 qui
594 1619 676 1685 nihil
689 1619 764 1708 ipsis
793 1621 878 1710 patio
893 1634 940 1688 tot
954 1621 1129 1688 seculorum
1140 1631 1342 1773 suggererent
1352 1618 1392 1685 de
1404 1619 1539 1700 Christo,
1551 1620 1591 1687 de

400 1706 499 1774 salute
514 1709 638 1786 aeterni,
654 1729 757 1794 neque
776 1709 810 1773 in
834 1722 882 1774 tot
906 1731 1057 1774 annorum
1081 1707 1182 1774 curris
1219 1707 1254 1786 's,
1279 1707 1314 1773 in
1337 1705 1494 1792 colloquio
1518 1729 1591 1774 curn

400 1793 716 1895 eisdemnexeiderent
729 1795 857 1860 nomina
871 1818 1033 1874 annorum,
1047 1793 1213 1874 meusium,
1227 1792 1515 1894 hebdomadarum,
1527 1793 1591 1860 die-

400 1880 1070 2048 ldtltltddtttdldttt
1087 1881 1593 2056 tattatdtddffitt

400 2064 449 2124 tot
462 2053 575 2120 seculis
589 2053 694 2120 referti
708 2055 836 2120 fuerunt
849 2067 955 2142 portus
968 2067 1002 2121 et
1014 2055 1119 2121 littora
1132 2053 1277 2133 Ibemiae,
1289 2076 1422 2140 quorum
1432 2065 1591 2141 portuum,

400 2139 518 2207 incolas
532 2163 572 2206 an
616 2139 695 2206 lares
709 2141 780 2207 illos
792 2153 863 2208 tuos
884 2141 989 2222 fiaisse,
1011 2165 1074 2207 non
1096 2140 1230 2221 dubitas,
1252 2141 1326 2207 chm
1347 2139 1481 2206 solerent
1500 2139 1592 2206 remi-

400 2249 474 2314 gare
489 2240 522 2294 et
535 2251 571 2292 su
583 2250 653 2293 care
666 2227 765 2293 maria
778 2227 813 2292 in
827 2228 979 2316 cymbalis
993 2229 1055 2294 suis
1070 2226 1225 2328 oblongis,
1240 2227 1341 2305 arctis,
1355 2249 1407 2292 ,ex
1421 2225 1505 2292 corio
1520 2249 1592 2292 con·

401 2314 499 2380 textis
523 2325 557 2380 et
579 2313 740 2380 consutis?
762 2327 818 2380 aut
840 2314 929 2400 quasi
952 2315 1089 2416 speciem
1111 2337 1179 2380 ven
1198 2313 1324 2380 videtur
1345 2312 1471 2393 habere,
1496 2325 1533 2377 ut
1557 2313 1592 2378 in

401 2404 490 2466 tanti
511 2399 715 2467 multitudine
739 2415 916 2467 sanctorum
940 2425 1079 2466 mmmm
1104 2400 1248 2480 Ibemiae,
1267 2423 1345 2487 quos
1368 2399 1401 2465 S.
1417 2399 1593 2466 Bernartius

401 2497 539 2566 testatur,
555 2487 762 2564 exaviditate
776 2488 979 2554 convertendi
994 2488 1034 2553 ad
1049 2487 1210 2554 Christum
1224 2497 1258 2552 et
1270 2485 1444 2552 seminandi
1459 2509 1592 2574 evange·

400 2573 498 2639 licum
526 2597 643 2653 semen,
683 2573 718 2639 in
747 2575 864 2642 exteris
892 2574 1071 2641 nationibus
1099 2573 1266 2642 “Minoris
1297 2572 1421 2652 Scotiae,
1449 2572 1590 2660 Anghae,

402 2660 525 2741 Gallia,
551 2660 669 2748 Belgii,
685 2661 872 2740 Germaniae,
899 2673 959 2728 etc.
983 2660 1070 2742 inde,
1092 2685 1110 2727 e
1132 2665 1187 2726 sut
1208 2659 1318 2748 patrii,
1340 2668 1521 2744 “tanquam
1536 2683 1591 2724 ex·

402 2747 514 2827 amine,
538 2761 571 2812 et
593 2747 681 2848 quasi
703 2747 908 2816 inundatione
933 2749 1041 2828 saca?
1064 2771 1213 2836 egressos,
1236 2745 1403 2834 replevisse
1426 2745 1539 2811 sanctis
1560 2758 1593 2812 et

402 2835 527 2922 optimis
542 2835 713 2922 discrplinis
726 2835 868 2924 regiones
882 2835 1009 2914 alienas,
1023 2858 1116 2902 nemo
1130 2834 1238 2900 firisset
1251 2833 1408 2912 inventus,
1422 2831 1476 2898 sed
1489 2855 1593 2919 neque

402 2920 484 2986 inter
497 2921 633 3007 reliquos
647 2935 767 2990 sanctos
781 2921 1033 3002 innumerabiles,
1056 2921 1111 3008 qui
1125 2921 1160 2987 in
1173 2920 1243 3008 ipst
1255 2919 1357 3008 patrit
1370 2931 1590 2998 remanserant,

403 3029 497 3093 quem
512 3007 712 3074 solicitaverit
725 3032 800 3075 cura
813 3009 1016 3075 convertendi
1030 3008 1071 3074 ad
1086 3007 1245 3074 Christum
1261 3030 1332 3072 suos
1344 3005 1415 3074 illos
1471 3005 1593 3094 pulares

402 3115 467 3159 non
480 3093 663 3180 baptizatos,
678 3093 703 3158 si
718 3095 773 3180 qui
789 3106 898 3175 essent,
913 3095 1044 3162 latentes
1055 3095 1091 3159 in
1202 3093 1210 3107 “
1241 3092 1304 3158 illis
1317 3091 1417 3180 Gyral
1441 3091 1473 3158 'i
1517 3092 1593 3172 Sed,

402 3178 449 3244 mi
464 3178 616 3245 (lemberl
639 3179 752 3246 veritas
765 3204 829 3247 non
844 3181 956 3267 quaerit
969 3181 1134 3269 angulose
1189 3180 1242 3246 tul
1265 3180 1304 3246 ad
1318 3179 1495 3245 nocendum
1510 3179 1594 3246 bono

403 3264 524 3417 nomipi
540 3265 787 3397 Christianorum
803 3267 997 3334 Ibernorum.
1041 3267 1130 3335 Deus
1143 3265 1204 3334 tibi
1223 3266 1374 3356 ignoscat,
1391 3264 1424 3332 si
1443 3265 1532 3336 locus
1553 3265 1595 3336 sit

403 3365 436 3418 et
449 3376 484 3418 rn
506 3377 517 3416 1
558 3376 588 3418 s.

447 3448 466 3480 “
480 3375 693 3520 Regdertentes,
709 3441 763 3521 ais,
780 3440 843 3528 (illi
858 3440 920 3507 duo
935 3440 1014 3506 nudi
1034 3463 1098 3506 non
1118 3439 1283 3529 baptizati)
1306 3462 1419 3528 panem
1440 3460 1540 3504 unum
1562 3450 1595 3504 et

403 3549 526 3592 caseum
541 3551 646 3594 secum
660 3527 842 3607 retulenmt,
858 3540 896 3594 ut
908 3550 972 3616 prae
987 3526 1190 3594 admiratione
1212 3527 1275 3592 suis
1296 3525 1503 3604 ostenderent,
1547 3526 1594 3590 ui-

403 3614 462 3678 bus
476 3612 601 3681 cibariis
614 3614 707 3682 alieni
731 3638 798 3681 enoe
812 3626 1019 3681 vescerentur.
1074 3614 1131 3680 Isti
1146 3613 1339 3712 alienigenae,
1353 3607 1509 3682 honestic
1544 3615 1594 3681 tsss

402 3698 555 3783 homines,
592 3701 648 3788 qui
675 3639 872 3768 vehebantur
907 3701 942 3766 in
978 3705 1094 3801 magud
1122 3699 1196 3767 navi
1224 3699 1331 3788 hgnet
1359 3699 1424 3778 ills,
1461 3697 1501 3764 de
1530 3702 1593 3783 qut

402 3785 547 3871 loqueris,
573 3787 600 3854 si
625 3788 683 3854 ulli
705 3790 842 3866 fuerunt,
868 3787 936 3854 sine
961 3788 1058 3855 dubro
1080 3811 1144 3853 non
1169 3787 1223 3852 alii
1246 3787 1340 3872 qubm
1361 3785 1409 3852 tui
1429 3784 1594 3885 populares

403 3871 557 3952 Britanni,
574 3875 629 3960 qui
640 3897 696 3963 per
705 3874 821 3964 viginti
830 3873 953 3940 circiter
964 3897 1069 3954 annos,
1080 3897 1176 3940 manu
1186 3871 1460 3972 armatt,qu0tid1e
1472 3894 1593 3970 expugs

402 3961 514 4025 ntrant
528 3959 702 4026 Iberniam':
725 3961 780 4048 qui
793 3960 892 4027 iidem
905 3961 954 4026 tui
1010 3961 1145 4050 pulares,
1159 3972 1196 4026 ut
1210 3959 1305 4026 refers
1318 3958 1373 4026 hb.
1397 3959 1427 4038 1,
1450 3957 1590 4026 Vatrein.

404 4044 489 4112 Hist.
503 4069 571 4147 cap.
590 4050 642 4130 11,
656 4071 762 4148 regem
777 4046 948 4137 provincie
963 3985 1122 4115 dinatius
1153 4070 1223 4134 quae
1236 4049 1319 4112 inter
1332 4044 1437 4133 plures
1459 4042 1592 4110 Iberniae

403 4144 450 4198 est
474 4132 615 4214 mimme,
641 4147 675 4201 ct
702 4158 737 4200 rn
761 4135 852 4221 cujus
876 4133 1036 4200 nonnullis
1158 4135 1182 4198 's
1206 4132 1371 4212 habitasse,
1397 4131 1451 4210 ais,
1477 4131 1592 4196 multos

403 4217 474 4285 illos
495 4220 636 4286 nondum
659 4221 831 4310 baptizatos
852 4233 885 4288 et
905 4221 1005 4288 nudos
1020 4221 1161 4301 Ibernos,
1175 4222 1252 4305 etc.)
1276 4232 1382 4308 aperto
1403 4229 1501 4284 marte
1522 4240 1592 4305 pro·

403 4305 562 4458 fligdrunt,
577 4331 651 4374 curn
666 4307 828 4388 dedecore,
843 4308 958 4395 inquis,
973 4320 1051 4376 etse
1066 4321 1100 4375 et
1113 4306 1270 4374 exercitus
1283 4329 1365 4384 suos,
1380 4304 1462 4370 eirca
1476 4325 1594 4368 annum

404 4416 438 4458 sa
449 4391 512 4459 utis
528 4395 621 4462 1168.
667 4394 713 4461 Et
725 4418 847 4460 nusum
862 4396 944 4462 circa
958 4419 1075 4462 annum
1092 4397 1186 4473 1177,
1208 4393 1305 4458 iidem
1321 4389 1416 4458 vestri
1429 4388 1594 4476 populares

404 4478 586 4560 Britannia,
602 4481 682 4547 duce
696 4494 828 4570 cognato
842 4493 897 4548 tuo
912 4482 1033 4549 Milone
1049 4481 1190 4570 Cogano,
1212 4493 1249 4544 ut
1268 4500 1381 4556 narras,
1404 4475 1593 4554 invaserunt,

404 4580 437 4632 et
451 4572 601 4668 occupatt
623 4567 800 4635 Tuemonit
821 4569 898 4635 urbe
918 4569 1095 4657 metropoh,
1110 4580 1144 4634 et
1167 4589 1206 4656 pe
1296 4569 1329 4630 tt
1353 4585 1410 4651 per
1431 4560 1594 4626 octiduum

403 4655 577 4806 plrpvincrd,
592 4678 699 4744 regem
713 4656 853 4742 ejusdem
868 4655 1071 4735 Rodericum,
1094 4655 1149 4742 qui
1170 4652 1229 4718 sim
1285 4663 1351 4716 erat
1372 4659 1405 4713 et
1425 4646 1594 4747 monarcha

446 4741 539 4808 ernist
561 4741 666 4823 totius,
689 4765 760 4808 cum
783 4742 881 4810 tribus
902 4743 1024 4830 magnis
1046 4740 1244 4820 exercitibus,
1269 4737 1407 4826 primhm
1432 4757 1466 4800 m
1491 4734 1594 4822 sylvas
