3772 6008
411 733 452 796 96
748 745 1213 796 5555555555555555555.
1417 729 1510 817 [oar.
1527 749 1605 796 v111.

410 903 570 1055 praestatis,
585 903 713 968 demum
728 902 826 968 miaeae
841 901 1048 968 celebratione
1063 913 1096 967 et
1109 900 1299 967 orationibus
1312 912 1490 968 sanctorum
1506 927 1604 970 sacer·

435 1003 532 1068 otum,
548 1004 696 1076 tanquam
711 989 947 1078 desponsatione
962 989 1108 1075 quedam,
1123 986 1381 1054 indissolubiliter
1401 989 1601 1056 federantur.

410 1077 468 1143 Ad
482 1077 639 1155 5511155555,
654 1078 740 1156 verb,
763 1075 803 1142 ad
824 1076 973 1161 majorem
995 1074 1140 1141 amicitiae
1162 1073 1438 1155 confirmationem,
1461 1089 1493 1142 et
1515 1079 1603 1162 quasi

410 1165 531 1252 negotii
546 1163 855 1240 consummationem,
870 1161 1054 1249 sauguinem
1069 1161 1178 1250 sponte
1192 1160 1308 1226 adhoc
1322 1161 1437 1240 fusum,
1460 1175 1602 1250 uterque,

412 1251 538 1317 alterius
551 1250 633 1318 bibit
642 1251 670 1329 3*
693 1249 753 1316 hoo
769 1262 874 1315 autern
889 1249 929 1314 de
943 1249 1006 1313 ritu
1021 1248 1188 1336 gentilium
1204 1247 1307 1312 adhuc
1329 1248 1457 1326 habent,
1474 1254 1553 1332 (non
1570 1264 1601 1316 te

435 1337 520 1417 udet,
551 1337 600 1402 Ol
622 1336 789 1424 impudens
810 1347 843 1402 et
868 1358 901 1400 os
929 1334 1078 1420 ferreum)
1106 1333 1172 1422 qui,
1201 1333 1352 1421 sanguine
1381 1335 1416 1399 in
1443 1333 1604 1402 firmandis

410 1361 579 1490 liederibus
608 1423 656 1488 uti
688 1423 796 1489 solent.
852 1420 901 1487 01
927 1421 1049 1508 quoties
1077 1421 1112 1485 in
1139 1420 1208 1510 ipso
1237 1419 1481 1508 desponsationis
1508 1422 1604 1509 hujus

412 1511 553 1589 articulo,
569 1509 677 1575 aviris
691 1508 878 1596 sanguinum
892 1521 925 1574 et
939 1507 1062 1588 dolosis,
1078 1520 1143 1573 tam
1157 1507 1263 1573 dolose
1278 1524 1311 1572 et
1330 1507 1440 1594 inique
1460 1509 1603 1576 frmditur

411 1599 545 1686 sanguis,
561 1609 597 1662 ut
615 1597 763 1663 alteruter
785 1595 909 1683 penitus
932 1606 1057 1661 maneat
1079 1593 1264 1682 exsanguis!
1288 1593 1330 1672 O,
1345 1594 1467 1680 quoties
1491 1595 1602 1662 eedem

410 1683 488 1750 15551
502 1698 535 1750 et
548 1683 763 1762 incontinenti,
778 1683 830 1748 vel
851 1681 991 1768 sequitur
1011 1681 1064 1747 vel
1085 1680 1246 1782 praevenit,
1269 1680 1322 1747 vel
1343 1681 1438 1747 etiam
1459 1680 1602 1749 inaudito

411 1795 497 1838 more
512 1771 783 1860 sanguinolentum
798 1768 967 1834 divortium
981 1768 1081 1855 ipsam
1095 1767 1295 1854 interrumpit
1308 1766 1603 1856 desponsationem?

411 1858 457 1923 Et
471 1882 538 1947 cap.
550 1859 609 1923 23:
632 1867 651 1897 “
663 1856 724 1922 Vre
739 1867 845 1922 autem
866 1855 1012 1920 fratribus
1033 1855 1068 1918 in
1089 1854 1206 1943 populo
1228 1855 1371 1932 barbaro,
1397 1878 1445 1919 vae
1472 1867 1505 1920 et
1530 1880 1602 1955 cog·

411 1945 507 2010 nafis:
538 1946 628 2011 vivos
656 1943 742 2010 enim
767 1941 807 2006 ad
831 1957 965 2008 mortem
987 1952 1233 2092 persqquuntun
1254 1957 1402 2020 mortuos,
1425 1953 1458 2007 et
1478 1942 1519 2008 ab
1534 1943 1603 2008 alim

409 2031 613 2120 interemptos
628 2029 838 2096 ulciscunturl
862 2028 963 2094 solum
977 2051 1053 2094 vero
1098 2028 1201 2093 umnis
1216 2041 1247 2094 et
1262 2027 1470 2106 collectaneis,
1485 2027 1510 2092 si
1525 2029 1602 2115 quid

410 2117 528 2184 habent
542 2118 594 2183 vel
608 2115 720 2184 amoris
733 2115 786 2180 vel
799 2113 885 2194 fidei,
900 2113 981 2180 illud
994 2115 1136 2180 habent.”
1179 2115 1224 2180 Et
1244 2137 1311 2202 cap.
1336 2116 1389 2193 24,
1412 2125 1431 2154 ‘⁴
1443 2113 1520 2179 adeb
1542 2116 1602 2216 igi.

411 2217 463 2269 tur
477 2204 629 2290 quicquid
643 2203 722 2268 libet
735 2200 859 2288 placore
873 2200 1009 2280 videtur,
1032 2213 1065 2267 et
1089 2225 1164 2267 cura
1189 2200 1267 2287 quid
1294 2200 1444 2289 expediat
1469 2215 1601 2284 cunotrs,

410 2314 475 2356 non
489 2289 566 2376 quid
580 2289 621 2356 sit
634 2288 818 2366 honestum3
834 2311 907 2353 cum
920 2299 1027 2352 155555
1040 2287 1121 2353 511511
1137 2287 1177 2352 ad
1190 2288 1319 2377 plenum
1331 2287 1482 2376 expediat
1491 2303 1603 2377 praeter

412 2376 586 2442 honestum.
629 2375 723 2442 Adeo
737 2374 837 2440 scelus
858 2374 1054 2462 proditionis,
1080 2374 1134 2440 hlc
1155 2374 1292 2440 invaluit
1314 2387 1346 2440 et
1370 2375 1458 2461 quasi
1482 2376 1603 2444 radices

409 2464 525 2551 posuit,
555 2463 632 2529 adeo
660 2463 695 2526 in
723 2472 866 2526 naturam
894 2461 1059 2550 prevaluit
1087 2485 1190 2549 prave
1226 2461 1460 2527 consuetudinis
1489 2463 1602 2551 longus

411 2551 539 2628 abusus;
569 2550 647 2616 adeo
676 2573 695 2614 a
722 2549 871 2614 convictu
899 2571 1000 2613 mores
1028 2547 1209 2626 formantur,
1235 2549 1349 2634 etqui
1371 2547 1473 2636 tangit
1498 2549 1602 2637 picem

409 2637 632 2723 inquinabatur
649 2637 688 2702 ab
703 2659 758 2714 eo;
780 2636 859 2701 adeo
880 2633 956 2700 mali
977 2635 1026 2700 vis
1048 2659 1163 2720 magna
1177 2647 1239 2714 est;
1263 2635 1350 2701 melli
1364 2635 1449 2700 enim
1463 2635 1599 2734 plurimo

410 2747 521 2813 parum
550 2721 710 2812 absynthii
746 2721 909 2808 injectum,
939 2720 1081 2787 velocem
1110 2721 1349 2788 amaritudinem
1382 2721 1502 2800 redd1t;
1537 2723 1602 2790 mel

409 2812 485 2877 verb
501 2810 634 2899 duplum
648 2810 675 2876 si
688 2808 854 2875 misceatur
868 2808 1045 2898 absynthio,
1061 2808 1173 2894 nequit
1197 2809 1265 2874 e'us
1288 2807 1422 2874 obtineri
1448 2808 1600 2889 dulcedo;

410 2897 500 2977 adeo,
526 2897 666 2984 inquam,
689 2897 788 2963 bonos
810 2919 911 2962 mores
936 2907 1141 2983 corrumpunt
1165 2834 1320 2981 colloquia
1345 2918 1451 2983 prava,
1478 2907 1515 2961 ut
1539 2896 1601 2963 hoc

409 2984 489 3049 vitio
502 2985 610 3072 patriae
627 2981 843 3072 (Ibemorum)
859 2995 1011 3068 tanquam
1025 2981 1132 3048 innato
1154 2995 1187 3049 et
1208 2981 1483 3133 contagiosissimo,
1506 2983 1600 3048 etiam

411 3070 595 3158 alienigenae
616 3069 680 3136 huc
702 3069 826 3136 advecti
849 3069 937 3156 (vide
953 3091 993 3134 an
1007 3092 1071 3135 non
1084 3069 1139 3133 isti
1154 3068 1280 3134 fortasse
1331 3069 1411 3134 erint
1432 3068 1479 3134 tui
1500 3093 1600 3158 popu·

409 3159 499 3236 lares,
514 3167 682 3222 vastatores
707 3155 856 3242 Ibterniue)
883 3154 1108 3222 inevitabiliter
1132 3154 1197 3221 fere
1221 3155 1431 3221 involvantur.
1478 3155 1600 3236 Sacros,

410 3243 517 3330 igitur,
526 3243 619 3309 *locus
633 3243 686 3308 hic
701 3255 755 3308 aut
768 3241 881 3340 recipit
895 3253 950 3307 aut
962 3241 1047 3319 facit,
1063 3243 1136 3307 5155
1158 3242 1243 3306 enirn
1264 3242 1411 3330 proclivis
1432 3244 1473 3309 sit
1493 3267 1600 3310 cursus

410 3331 450 3395 ad
464 3330 649 3418 voluptates,
664 3342 697 3394 et
710 3327 864 3394 imitatrix
878 3339 988 3394 natura
1001 3327 1160 3408 vitiorum,
1176 3328 1246 3415 quis
1259 3351 1378 3394 sacrum
1389 3353 1455 3396 esse
1466 3331 1599 3411 dubitet,

410 3441 505 3502 quem
521 3430 569 3484 tot
582 3415 814 3503 sacrilegiorum
829 3415 1032 3503 exemplaria,
1046 3427 1095 3480 tot
1108 3439 1211 3481 rerum
1227 3416 1378 3481 malarum
1399 3416 1597 3496 documenta,

409 3517 473 3569 tam
488 3505 632 3591 frequens
645 3515 905 3568 sacramentorum
930 3501 1139 3589 transgressio,
1166 3515 1230 3568 tam
1255 3502 1347 3581 fidei;
1376 3503 1464 3569 nulla
1488 3503 1599 3592 religio

408 3589 587 3678 praedocent
601 3603 634 3656 et
646 3590 814 3668 instruunt,
829 3603 862 3654 et
875 3589 979 3654 emula
992 3589 1145 3654 malorum
1159 3589 1310 3668 doctrina,
1332 3589 1373 3655 ad
1393 3590 1508 3656 similia
1528 3616 1600 3656 con-

409 3690 526 3744 stanter
552 3676 715 3743 invitant.’'
767 3676 927 3766 Gyraldus
955 3675 1090 3740 multum
1118 3676 1230 3742 tribuit
1265 3699 1329 3741 suae
1364 3677 1399 3741 in
1435 3677 1599 3744 scribendo

411 3764 597 3844 auctoritati,
613 3777 645 3830 ct
659 3763 729 3828 fidit
742 3763 877 3842 lectoris,
893 3762 928 3826 in
942 3762 1063 3850 scriptis
1076 3761 1229 3850 legendis,
1245 3763 1380 3828 credulae
1394 3763 1598 3852 simplicitati,

409 3849 513 3950 ipsum
545 3849 720 3916 exhilarare
756 3850 865 3916 volens
889 3849 1063 3916 narratione
1087 3854 1171 3915 5551
1200 3873 1353 3936 nusquam
1382 3852 1450 3916 viat
1477 3851 1539 3916 nisi
1564 3851 1599 3916 iu

409 3935 525 4003 libellis
538 3935 661 4003 fumosis
676 3936 749 4003 suis.
772 3936 881 4002 Refert
895 3935 985 4002 istam
1000 3962 1019 4002 a
1032 3936 1151 4002 seculis
1161 3935 1334 4002 inauditam
1346 3937 1503 4004 Milesiam
1513 3939 1599 4003 fabu-

408 4023 472 4088 lam
486 4022 521 4088 in
535 4037 713 4091 extremum
738 4024 939 4112 opprobrium
964 4023 1067 4111 gentis
1093 4023 1277 4091 Ibemorum
1303 4023 1479 4106 confictam,
1505 4049 1599 4110 quam

409 4123 527 4190 auctor,
577 4112 627 4176 lus
651 4109 780 4199 cupiens
806 4112 901 4196 qubm
925 4111 1025 4176 sciens
1049 4109 1186 4188 mentiri,
1204 4109 1340 4176 nescivit
1360 4111 1464 4178 155555
1488 4114 1598 4178 saltem

408 4196 512 4264 colore
525 4135 579 4263 vil
592 4211 679 4264 veste
693 4197 760 4263 veri
774 4212 830 4263 aut
843 4197 1079 4276 verosimilium,
1094 4197 1148 4263 sed
1163 4209 1227 4262 tam
1241 4220 1341 4264 crasso
1355 4198 1409 4263 filo
1423 4199 1598 4277 contexuit,

408 4297 445 4348 ut
468 4285 520 4350 vel
545 4307 644 4350 cecus
674 4283 805 4370 quisque
830 4295 885 4349 aut
906 4283 1130 4349 infensissimus
1156 4283 1278 4350 Ibemis
1301 4284 1407 4364 homo,
1430 4285 1525 4350 etiam
1546 4285 1600 4352 551

409 4371 567 4458 Gyraldus
580 4373 657 4459 ipse,
680 4394 743 4436 non
765 4371 902 4458 potuerit
925 4393 990 4436 non
1004 4369 1238 4458 deprehendere
1263 4371 1457 4436 manifestam
1480 4371 1598 4436 calum·

408 4458 504 4539 niam,
519 4482 577 4526 nec
592 4459 726 4524 valuerit
739 4457 866 4524 credere
887 4455 1059 4524 aliudesse
1080 4479 1168 4546 posse
1191 4458 1286 4543 quim
1307 4457 1505 4524 mendacimn
1527 4481 1600 4524 con·

441 4688 453 4714 ⁸
469 4679 535 4739 lmd,
548 4684 579 4730 tu
591 4679 624 4730 ab
634 4679 709 4729 initio
720 4677 752 4729 ad
764 4677 886 4728 ultimum
903 4678 994 4742 sponte
1010 4679 1106 4730 videris
1122 4678 1247 4728 immania
1262 4678 1395 4730 mendacia
1411 4681 1438 4728 et
1453 4675 1598 4726 calumnias

404 4745 592 4873 perpetlpppplaqptcm
602 4744 735 4796 venditare
746 4744 779 4794 ad
790 4744 1124 4808 pncentamcurioaitatam
1131 4745 1217 4796 minus
1224 4746 1381 4808 prudentum
1389 4749 1415 4795 et
1424 4743 1528 4794 levioris
1538 4741 1599 4792 fidei
