<?xml version="1.0" encoding="UTF-8"?>
<!DOCTYPE html PUBLIC "-//W3C//DTD XHTML 1.0 Transitional//EN"
    "http://www.w3.org/TR/xhtml1/DTD/xhtml1-transitional.dtd">
<html xmlns="http://www.w3.org/1999/xhtml" xml:lang="en" lang="en">
 <head>
  <title>
</title>
<meta http-equiv="Content-Type" content="text/html;charset=utf-8" />
  <meta name='ocr-system' content='tesseract 3.04.00' />
  <meta name='ocr-capabilities' content='ocr_page ocr_carea ocr_par ocr_line ocrx_word'/>
</head>
<body>
  <div class='ocr_page' id='page_1' title='image "apologiaprohibe00kellgoog_0031.png"; bbox 0 0 3736 6054; ppageno 0'>
   <div class='ocr_carea' id='block_1_1' title="bbox 407 681 1599 768">
    <p class='ocr_par' dir='ltr' id='par_1_1' title="bbox 407 681 1599 768">
     <span class='ocr_line' id='line_1_1' title="bbox 407 681 1599 768; baseline -0.004 -20"><span class='ocrx_word' id='word_1_1' title='bbox 407 685 426 748; x_wconf 79' lang='lat'><strong>2</strong></span> <span class='ocrx_word' id='word_1_2' title='bbox 771 701 951 749; x_wconf 77' lang='lat' dir='ltr'><strong>seonoem</strong></span> <span class='ocrx_word' id='word_1_3' title='bbox 965 699 1036 749; x_wconf 79' lang='lat' dir='ltr'><strong>rso</strong></span> <span class='ocrx_word' id='word_1_4' title='bbox 1058 699 1244 746; x_wconf 76' lang='lat' dir='ltr'><strong>ursarum.</strong></span> <span class='ocrx_word' id='word_1_5' title='bbox 1469 681 1560 768; x_wconf 75' lang='lat' dir='ltr'><strong>[cnr.</strong></span> <span class='ocrx_word' id='word_1_6' title='bbox 1577 700 1599 744; x_wconf 89' lang='lat'><strong>1.</strong></span> 
     </span>
    </p>
   </div>
   <div class='ocr_carea' id='block_1_2' title="bbox 404 855 1654 3026">
    <p class='ocr_par' dir='ltr' id='par_1_2' title="bbox 405 855 1654 1986">
     <span class='ocr_line' id='line_1_2' title="bbox 408 855 1598 943; baseline 0 -23"><span class='ocrx_word' id='word_1_7' title='bbox 408 856 515 922; x_wconf 88' lang='lat' dir='ltr'><strong>David</strong></span> <span class='ocrx_word' id='word_1_8' title='bbox 532 857 689 934; x_wconf 78' lang='lat' dir='ltr'><strong>PovelluS,</strong></span> <span class='ocrx_word' id='word_1_9' title='bbox 714 856 809 923; x_wconf 88' lang='lat' dir='ltr'><strong>homo</strong></span> <span class='ocrx_word' id='word_1_10' title='bbox 823 857 987 922; x_wconf 83' lang='lat' dir='ltr'><strong>haereticus</strong></span> <span class='ocrx_word' id='word_1_11' title='bbox 1008 859 1064 922; x_wconf 88' lang='lat' dir='ltr'><strong>An</strong></span> <span class='ocrx_word' id='word_1_12' title='bbox 1087 857 1144 935; x_wconf 88' lang='lat' dir='ltr'><strong>lus,</strong></span> <span class='ocrx_word' id='word_1_13' title='bbox 1167 857 1220 943; x_wconf 93' lang='lat' dir='ltr'><strong>qui</strong></span> <span class='ocrx_word' id='word_1_14' title='bbox 1237 867 1324 920; x_wconf 86' lang='lat' dir='ltr'><strong>notas</strong></span> <span class='ocrx_word' id='word_1_15' title='bbox 1340 855 1462 920; x_wconf 78' lang='lat' dir='ltr'><strong>addidit</strong></span> <span class='ocrx_word' id='word_1_16' title='bbox 1477 855 1516 920; x_wconf 93' lang='lat' dir='ltr'><strong>ad</strong></span> <span class='ocrx_word' id='word_1_17' title='bbox 1532 855 1598 943; x_wconf 86' lang='lat' dir='ltr'><strong>Gy-</strong></span> 
     </span>
     <span class='ocr_line' id='line_1_3' title="bbox 405 882 1654 1031; baseline -0.002 -23"><span class='ocrx_word' id='word_1_18' title='bbox 405 944 485 1008; x_wconf 90' lang='lat' dir='ltr'><strong>raldi</strong></span> <span class='ocrx_word' id='word_1_19' title='bbox 513 947 622 1031; x_wconf 88' lang='lat' dir='ltr'><strong>(quem</strong></span> <span class='ocrx_word' id='word_1_20' title='bbox 648 942 786 1031; x_wconf 87' lang='lat' dir='ltr'><strong>appellat</strong></span> <span class='ocrx_word' id='word_1_21' title='bbox 810 953 829 984; x_wconf 82' lang='lat'>“</span> <span class='ocrx_word' id='word_1_22' title='bbox 841 945 975 1030; x_wconf 84' lang='lat' dir='ltr'><strong>antiquae</strong></span> <span class='ocrx_word' id='word_1_23' title='bbox 1001 882 1187 1010; x_wconf 57' lang='lat' dir='ltr'><strong>nondinae</strong></span> <span class='ocrx_word' id='word_1_24' title='bbox 1211 957 1243 1007; x_wconf 87' lang='lat' dir='ltr'><strong>et</strong></span> <span class='ocrx_word' id='word_1_25' title='bbox 1269 966 1389 1030; x_wconf 88' lang='lat' dir='ltr'><strong>magnae</strong></span> <span class='ocrx_word' id='word_1_26' title='bbox 1415 942 1595 1008; x_wconf 69' lang='lat' dir='ltr'>litteraturae</span> <span class='ocrx_word' id='word_1_27' title='bbox 1651 965 1654 972; x_wconf 87' lang='lat'>·</span> 
     </span>
     <span class='ocr_line' id='line_1_4' title="bbox 405 1028 1595 1118; baseline -0.002 -24"><span class='ocrx_word' id='word_1_28' title='bbox 405 1029 586 1118; x_wconf 87' lang='lat' dir='ltr'><strong>scriptorem</strong></span> <span class='ocrx_word' id='word_1_29' title='bbox 631 1033 851 1116; x_wconf 89' lang='lat' dir='ltr'><strong>ervetustum”)</strong></span> <span class='ocrx_word' id='word_1_30' title='bbox 869 1041 888 1070; x_wconf 86' lang='lat'><strong>“</strong></span> <span class='ocrx_word' id='word_1_31' title='bbox 902 1031 1117 1096; x_wconf 84' lang='lat' dir='ltr'><strong>Itinerarium”</strong></span> <span class='ocrx_word' id='word_1_32' title='bbox 1136 1031 1191 1096; x_wconf 93' lang='lat' dir='ltr'><strong>lib.</strong></span> <span class='ocrx_word' id='word_1_33' title='bbox 1206 1031 1227 1094; x_wconf 90' lang='lat' dir='ltr'><strong>i.</strong></span> <span class='ocrx_word' id='word_1_34' title='bbox 1243 1055 1279 1094; x_wconf 88' lang='lat' dir='ltr'><strong>ea</strong></span> <span class='ocrx_word' id='word_1_35' title='bbox 1303 1032 1357 1107; x_wconf 80' lang='grc'><strong>,4,</strong></span> <span class='ocrx_word' id='word_1_36' title='bbox 1380 1028 1423 1093; x_wconf 89' lang='lat' dir='ltr'><strong>sie</strong></span> <span class='ocrx_word' id='word_1_37' title='bbox 1447 1029 1595 1114; x_wconf 89' lang='lat' dir='ltr'><strong>loquitur,</strong></span> 
     </span>
     <span class='ocr_line' id='line_1_5' title="bbox 406 1054 1594 1202; baseline -0.002 -22"><span class='ocrx_word' id='word_1_38' title='bbox 406 1119 471 1181; x_wconf 83' lang='lat' dir='ltr'><strong>“in</strong></span> <span class='ocrx_word' id='word_1_39' title='bbox 492 1117 573 1184; x_wconf 92' lang='lat' dir='ltr'><strong>libro</strong></span> <span class='ocrx_word' id='word_1_40' title='bbox 590 1055 646 1183; x_wconf 82' lang='lat' dir='ltr'><strong>illo</strong></span> <span class='ocrx_word' id='word_1_41' title='bbox 662 1117 700 1198; x_wconf 84' lang='lat' dir='ltr'><strong>de</strong></span> <span class='ocrx_word' id='word_1_42' title='bbox 721 1117 929 1183; x_wconf 82' lang='lat' dir='ltr'><strong>Instructione</strong></span> <span class='ocrx_word' id='word_1_43' title='bbox 944 1117 1051 1184; x_wconf 89' lang='lat' dir='ltr'><strong>Prinoi</strong></span> <span class='ocrx_word' id='word_1_44' title='bbox 1075 1117 1112 1198; x_wconf 89' lang='lat' dir='ltr'><strong>is,</strong></span> <span class='ocrx_word' id='word_1_45' title='bbox 1128 1119 1237 1182; x_wconf 70' lang='lat' dir='ltr'><strong>acerbe</strong></span> <span class='ocrx_word' id='word_1_46' title='bbox 1256 1054 1423 1182; x_wconf 82' lang='lat' dir='ltr'><strong>admodum</strong></span> <span class='ocrx_word' id='word_1_47' title='bbox 1439 1115 1472 1180; x_wconf 90' lang='lat' dir='ltr'><strong>in</strong></span> <span class='ocrx_word' id='word_1_48' title='bbox 1488 1139 1594 1202; x_wconf 87' lang='lat' dir='ltr'><strong>regem</strong></span> 
     </span>
     <span class='ocr_line' id='line_1_6' title="bbox 407 1141 1594 1293; baseline -0.002 -25"><span class='ocrx_word' id='word_1_49' title='bbox 407 1203 582 1270; x_wconf 85' lang='lat' dir='ltr'><strong>Henrieum</strong></span> <span class='ocrx_word' id='word_1_50' title='bbox 598 1203 643 1270; x_wconf 88' lang='lat' dir='ltr'><strong>IL</strong></span> <span class='ocrx_word' id='word_1_51' title='bbox 659 1203 819 1270; x_wconf 82' lang='lat' dir='ltr'><strong>invehitur</strong></span> <span class='ocrx_word' id='word_1_52' title='bbox 843 1205 1012 1293; x_wconf 85' lang='lat' dir='ltr'><strong>Gyraldus,</strong></span> <span class='ocrx_word' id='word_1_53' title='bbox 1036 1141 1092 1270; x_wconf 75' lang='lat' dir='ltr'><strong>uli</strong></span> <span class='ocrx_word' id='word_1_54' title='bbox 1114 1228 1177 1270; x_wconf 79' lang='lat' dir='ltr'><strong>sum</strong></span> <span class='ocrx_word' id='word_1_55' title='bbox 1201 1203 1235 1267; x_wconf 91' lang='lat' dir='ltr'><strong>in</strong></span> <span class='ocrx_word' id='word_1_56' title='bbox 1254 1203 1345 1267; x_wconf 89' lang='lat' dir='ltr'><strong>illum</strong></span> <span class='ocrx_word' id='word_1_57' title='bbox 1368 1203 1594 1267; x_wconf 75' lang='lat' dir='ltr'><strong>malevolentiae</strong></span> 
     </span>
     <span class='ocr_line' id='line_1_7' title="bbox 407 1289 1598 1376; baseline 0 -23"><span class='ocrx_word' id='word_1_58' title='bbox 407 1289 492 1355; x_wconf 91' lang='lat' dir='ltr'><strong>virus</strong></span> <span class='ocrx_word' id='word_1_59' title='bbox 506 1289 551 1355; x_wconf 87' lang='lat' dir='ltr'><strong>ita</strong></span> <span class='ocrx_word' id='word_1_60' title='bbox 566 1290 694 1370; x_wconf 87' lang='lat' dir='ltr'><strong>evomit,</strong></span> <span class='ocrx_word' id='word_1_61' title='bbox 709 1303 746 1355; x_wconf 91' lang='lat' dir='ltr'><strong>ut</strong></span> <span class='ocrx_word' id='word_1_62' title='bbox 759 1315 850 1356; x_wconf 91' lang='lat' dir='ltr'><strong>suum</strong></span> <span class='ocrx_word' id='word_1_63' title='bbox 864 1291 1071 1356; x_wconf 87' lang='lat' dir='ltr'><strong>inveteratum</strong></span> <span class='ocrx_word' id='word_1_64' title='bbox 1088 1292 1195 1356; x_wconf 86' lang='lat' dir='ltr'><strong>odium</strong></span> <span class='ocrx_word' id='word_1_65' title='bbox 1208 1291 1281 1356; x_wconf 88' lang='lat' dir='ltr'><strong>satis</strong></span> <span class='ocrx_word' id='word_1_66' title='bbox 1291 1289 1451 1354; x_wconf 70' lang='lat' dir='ltr'><strong>manifeste</strong></span> <span class='ocrx_word' id='word_1_67' title='bbox 1467 1289 1598 1376; x_wconf 89' lang='lat' dir='ltr'><strong>prodit.”</strong></span> 
     </span>
     <span class='ocr_line' id='line_1_8' title="bbox 407 1375 1594 1466; baseline -0.003 -25"><span class='ocrx_word' id='word_1_68' title='bbox 407 1377 507 1442; x_wconf 89' lang='lat' dir='ltr'><strong>Natus</strong></span> <span class='ocrx_word' id='word_1_69' title='bbox 530 1377 614 1442; x_wconf 89' lang='lat' dir='ltr'><strong>enim</strong></span> <span class='ocrx_word' id='word_1_70' title='bbox 629 1376 691 1442; x_wconf 88' lang='lat' dir='ltr'><strong>fuit</strong></span> <span class='ocrx_word' id='word_1_71' title='bbox 705 1378 863 1466; x_wconf 84' lang='lat' dir='ltr'><strong>Gyraldus</strong></span> <span class='ocrx_word' id='word_1_72' title='bbox 882 1379 917 1442; x_wconf 92' lang='lat' dir='ltr'><strong>in</strong></span> <span class='ocrx_word' id='word_1_73' title='bbox 933 1377 1081 1444; x_wconf 74' lang='lat' dir='ltr'><strong>Cambrial</strong></span> <span class='ocrx_word' id='word_1_74' title='bbox 1101 1378 1166 1442; x_wconf 90' lang='lat' dir='ltr'><strong>sive</strong></span> <span class='ocrx_word' id='word_1_75' title='bbox 1182 1377 1301 1443; x_wconf 79' lang='lat' dir='ltr'><strong>wallia</strong></span> <span class='ocrx_word' id='word_1_76' title='bbox 1320 1375 1374 1441; x_wconf 92' lang='lat' dir='ltr'><strong>ubi</strong></span> <span class='ocrx_word' id='word_1_77' title='bbox 1396 1375 1594 1462; x_wconf 87' lang='lat' dir='ltr'><strong>antiquorum</strong></span> 
     </span>
     <span class='ocr_line' id='line_1_9' title="bbox 407 1462 1595 1552; baseline -0.002 -24"><span class='ocrx_word' id='word_1_78' title='bbox 407 1462 630 1530; x_wconf 74' lang='lat' dir='ltr'><strong>Britannorum</strong></span> <span class='ocrx_word' id='word_1_79' title='bbox 646 1464 737 1551; x_wconf 92' lang='lat' dir='ltr'><strong>(olim</strong></span> <span class='ocrx_word' id='word_1_80' title='bbox 746 1465 837 1530; x_wconf 87' lang='lat' dir='ltr'><strong>avitis</strong></span> <span class='ocrx_word' id='word_1_81' title='bbox 852 1465 977 1530; x_wconf 90' lang='lat' dir='ltr'><strong>sedibus</strong></span> <span class='ocrx_word' id='word_1_82' title='bbox 987 1479 1155 1530; x_wconf 80' lang='lat' dir='ltr'><strong>exutorrun</strong></span> <span class='ocrx_word' id='word_1_83' title='bbox 1171 1477 1283 1552; x_wconf 88' lang='lat' dir='ltr'><strong>agente</strong></span> <span class='ocrx_word' id='word_1_84' title='bbox 1299 1463 1462 1528; x_wconf 77' lang='lat' dir='ltr'><strong>vastatrice</strong></span> <span class='ocrx_word' id='word_1_85' title='bbox 1474 1463 1595 1550; x_wconf 84' lang='lat' dir='ltr'><strong>Anglo</strong></span> 
     </span>
     <span class='ocr_line' id='line_1_10' title="bbox 409 1546 1595 1636; baseline -0.002 -22"><span class='ocrx_word' id='word_1_86' title='bbox 409 1550 572 1615; x_wconf 75' lang='lat' dir='ltr'><strong>Saxonum</strong></span> <span class='ocrx_word' id='word_1_87' title='bbox 587 1555 683 1616; x_wconf 79' lang='lat' dir='ltr'><strong>mand</strong></span> <span class='ocrx_word' id='word_1_88' title='bbox 704 1551 787 1618; x_wconf 86' lang='lat' dir='ltr'><strong>eirea</strong></span> <span class='ocrx_word' id='word_1_89' title='bbox 801 1575 918 1616; x_wconf 88' lang='lat' dir='ltr'><strong>annum</strong></span> <span class='ocrx_word' id='word_1_90' title='bbox 932 1553 1011 1633; x_wconf 80' lang='lat'>453)</span> <span class='ocrx_word' id='word_1_91' title='bbox 1028 1552 1062 1617; x_wconf 89' lang='lat' dir='ltr'><strong>in</strong></span> <span class='ocrx_word' id='word_1_92' title='bbox 1077 1551 1264 1618; x_wconf 87' lang='lat' dir='ltr'><strong>hodiernum</strong></span> <span class='ocrx_word' id='word_1_93' title='bbox 1279 1573 1377 1636; x_wconf 89' lang='lat' dir='ltr'><strong>usque</strong></span> <span class='ocrx_word' id='word_1_94' title='bbox 1392 1546 1477 1614; x_wconf 86' lang='lat' dir='ltr'><strong>diem</strong></span> <span class='ocrx_word' id='word_1_95' title='bbox 1491 1572 1595 1636; x_wconf 89' lang='lat' dir='ltr'><strong>super-</strong></span> 
     </span>
     <span class='ocr_line' id='line_1_11' title="bbox 407 1636 1594 1726; baseline -0.001 -26"><span class='ocrx_word' id='word_1_96' title='bbox 407 1650 480 1701; x_wconf 86' lang='lat' dir='ltr'><strong>sunt</strong></span> <span class='ocrx_word' id='word_1_97' title='bbox 493 1637 551 1702; x_wconf 91' lang='lat' dir='ltr'><strong>reli</strong></span> <span class='ocrx_word' id='word_1_98' title='bbox 574 1637 644 1717; x_wconf 89' lang='lat' dir='ltr'><strong>uiae,</strong></span> <span class='ocrx_word' id='word_1_99' title='bbox 660 1661 729 1724; x_wconf 87' lang='lat' dir='ltr'><strong>quae</strong></span> <span class='ocrx_word' id='word_1_100' title='bbox 744 1654 781 1704; x_wconf 92' lang='lat' dir='ltr'><strong>ut</strong></span> <span class='ocrx_word' id='word_1_101' title='bbox 794 1652 909 1703; x_wconf 90' lang='lat' dir='ltr'><strong>norunt</strong></span> <span class='ocrx_word' id='word_1_102' title='bbox 923 1662 1030 1703; x_wconf 90' lang='lat' dir='ltr'><strong>omnes</strong></span> <span class='ocrx_word' id='word_1_103' title='bbox 1046 1638 1182 1726; x_wconf 74' lang='lat' dir='ltr'><strong>anglia,</strong></span> <span class='ocrx_word' id='word_1_104' title='bbox 1208 1636 1331 1715; x_wconf 84' lang='lat' dir='ltr'><strong>Sootiae,</strong></span> <span class='ocrx_word' id='word_1_105' title='bbox 1347 1636 1490 1714; x_wconf 86' lang='lat' dir='ltr'><strong>Ibemiae,</strong></span> <span class='ocrx_word' id='word_1_106' title='bbox 1513 1636 1594 1700; x_wconf 90' lang='lat' dir='ltr'><strong>indi-</strong></span> 
     </span>
     <span class='ocr_line' id='line_1_12' title="bbox 405 1723 1594 1810; baseline -0.001 -22"><span class='ocrx_word' id='word_1_107' title='bbox 405 1747 503 1810; x_wconf 77' lang='lat' dir='ltr'><strong>gena,</strong></span> <span class='ocrx_word' id='word_1_108' title='bbox 520 1747 538 1789; x_wconf 87' lang='lat' dir='ltr'><strong>a</strong></span> <span class='ocrx_word' id='word_1_109' title='bbox 583 1747 622 1790; x_wconf 89' lang='lat' dir='ltr'><strong>ue</strong></span> <span class='ocrx_word' id='word_1_110' title='bbox 636 1725 773 1791; x_wconf 90' lang='lat' dir='ltr'><strong>immane</strong></span> <span class='ocrx_word' id='word_1_111' title='bbox 786 1725 895 1791; x_wconf 86' lang='lat' dir='ltr'><strong>fovent</strong></span> <span class='ocrx_word' id='word_1_112' title='bbox 909 1725 1016 1792; x_wconf 90' lang='lat' dir='ltr'><strong>odium</strong></span> <span class='ocrx_word' id='word_1_113' title='bbox 1032 1726 1065 1789; x_wconf 92' lang='lat' dir='ltr'><strong>in</strong></span> <span class='ocrx_word' id='word_1_114' title='bbox 1081 1725 1191 1790; x_wconf 89' lang='lat' dir='ltr'><strong>animis</strong></span> <span class='ocrx_word' id='word_1_115' title='bbox 1206 1723 1352 1790; x_wconf 88' lang='lat' dir='ltr'><strong>adversus</strong></span> <span class='ocrx_word' id='word_1_116' title='bbox 1366 1747 1481 1788; x_wconf 89' lang='lat' dir='ltr'><strong>nomen</strong></span> <span class='ocrx_word' id='word_1_117' title='bbox 1495 1737 1528 1787; x_wconf 88' lang='lat' dir='ltr'><strong>et</strong></span> <span class='ocrx_word' id='word_1_118' title='bbox 1541 1747 1594 1787; x_wconf 91' lang='lat' dir='ltr'><strong>na·</strong></span> 
     </span>
     <span class='ocr_line' id='line_1_13' title="bbox 405 1809 1592 1900; baseline -0.001 -26"><span class='ocrx_word' id='word_1_119' title='bbox 405 1811 524 1876; x_wconf 88' lang='lat' dir='ltr'><strong>tionem</strong></span> <span class='ocrx_word' id='word_1_120' title='bbox 539 1811 721 1899; x_wconf 86' lang='lat' dir='ltr'><strong>Anglioam,</strong></span> <span class='ocrx_word' id='word_1_121' title='bbox 741 1812 830 1898; x_wconf 86' lang='lat' dir='ltr'><strong>eujus</strong></span> <span class='ocrx_word' id='word_1_122' title='bbox 851 1825 918 1878; x_wconf 86' lang='lat' dir='ltr'><strong>erat</strong></span> <span class='ocrx_word' id='word_1_123' title='bbox 932 1825 964 1877; x_wconf 90' lang='lat' dir='ltr'><strong>et</strong></span> <span class='ocrx_word' id='word_1_124' title='bbox 981 1812 1172 1900; x_wconf 81' lang='lat' dir='ltr'><strong>gloriabatur</strong></span> <span class='ocrx_word' id='word_1_125' title='bbox 1185 1835 1216 1876; x_wconf 87' lang='lat' dir='ltr'><strong>se</strong></span> <span class='ocrx_word' id='word_1_126' title='bbox 1234 1834 1341 1898; x_wconf 87' lang='lat' dir='ltr'><strong>regem</strong></span> <span class='ocrx_word' id='word_1_127' title='bbox 1357 1809 1532 1876; x_wconf 81' lang='lat' dir='ltr'><strong>Hominum</strong></span> <span class='ocrx_word' id='word_1_128' title='bbox 1548 1810 1592 1874; x_wconf 94' lang='lat' dir='ltr'><strong>II.</strong></span> 
     </span>
     <span class='ocr_line' id='line_1_14' title="bbox 406 1897 1378 1986; baseline -0.001 -25"><span class='ocrx_word' id='word_1_129' title='bbox 406 1921 500 1983; x_wconf 87' lang='lat' dir='ltr'><strong>quern</strong></span> <span class='ocrx_word' id='word_1_130' title='bbox 515 1899 639 1963; x_wconf 86' lang='lat' dir='ltr'><strong>amabat</strong></span> <span class='ocrx_word' id='word_1_131' title='bbox 649 1899 819 1986; x_wconf 84' lang='lat' dir='ltr'><strong>Gyraldus,</strong></span> <span class='ocrx_word' id='word_1_132' title='bbox 837 1913 873 1964; x_wconf 91' lang='lat' dir='ltr'><strong>ut</strong></span> <span class='ocrx_word' id='word_1_133' title='bbox 888 1899 978 1964; x_wconf 86' lang='lat' dir='ltr'><strong>Brito</strong></span> <span class='ocrx_word' id='word_1_134' title='bbox 993 1899 1059 1964; x_wconf 88' lang='lat' dir='ltr'><strong>sive</strong></span> <span class='ocrx_word' id='word_1_135' title='bbox 1074 1898 1210 1976; x_wconf 78' lang='lat' dir='ltr'><strong>wallus,</strong></span> <span class='ocrx_word' id='word_1_136' title='bbox 1226 1897 1378 1985; x_wconf 88' lang='lat' dir='ltr'><strong>Anglum.</strong></span> 
     </span>
    </p>

    <p class='ocr_par' dir='ltr' id='par_1_3' title="bbox 404 1981 1596 3026">
     <span class='ocr_line' id='line_1_15' title="bbox 451 1981 1594 2074; baseline -0.003 -25"><span class='ocrx_word' id='word_1_137' title='bbox 451 1983 515 2049; x_wconf 86' lang='lat' dir='ltr'><strong>Sed</strong></span> <span class='ocrx_word' id='word_1_138' title='bbox 542 1984 756 2051; x_wconf 80' lang='lat' dir='ltr'><strong>stanihurstus</strong></span> <span class='ocrx_word' id='word_1_139' title='bbox 775 1985 1024 2052; x_wconf 80' lang='lat' dir='ltr'><strong>ammadvertens</strong></span> <span class='ocrx_word' id='word_1_140' title='bbox 1038 1985 1216 2074; x_wconf 86' lang='lat' dir='ltr'><strong>Gyraldum</strong></span> <span class='ocrx_word' id='word_1_141' title='bbox 1237 2007 1294 2072; x_wconf 92' lang='lat' dir='ltr'><strong>pro</strong></span> <span class='ocrx_word' id='word_1_142' title='bbox 1316 1983 1407 2050; x_wconf 87' lang='lat' dir='ltr'><strong>libito</strong></span> <span class='ocrx_word' id='word_1_143' title='bbox 1429 1981 1546 2068; x_wconf 89' lang='lat' dir='ltr'><strong>ubique</strong></span> <span class='ocrx_word' id='word_1_144' title='bbox 1561 1997 1594 2048; x_wconf 89' lang='lat' dir='ltr'><strong>et</strong></span> 
     </span>
     <span class='ocr_line' id='line_1_16' title="bbox 404 2069 1594 2160; baseline -0.001 -25"><span class='ocrx_word' id='word_1_145' title='bbox 404 2070 440 2135; x_wconf 93' lang='lat' dir='ltr'><strong>in</strong></span> <span class='ocrx_word' id='word_1_146' title='bbox 461 2093 578 2148; x_wconf 89' lang='lat' dir='ltr'><strong>omnes,</strong></span> <span class='ocrx_word' id='word_1_147' title='bbox 603 2084 810 2160; x_wconf 70' lang='lat' dir='ltr'><strong>praeterquam</strong></span> <span class='ocrx_word' id='word_1_148' title='bbox 826 2075 899 2138; x_wconf 86' lang='lat' dir='ltr'><strong>clun</strong></span> <span class='ocrx_word' id='word_1_149' title='bbox 921 2097 953 2138; x_wconf 90' lang='lat' dir='ltr'><strong>se</strong></span> <span class='ocrx_word' id='word_1_150' title='bbox 973 2071 1080 2138; x_wconf 86' lang='lat' dir='ltr'><strong>laudat</strong></span> <span class='ocrx_word' id='word_1_151' title='bbox 1097 2086 1129 2138; x_wconf 91' lang='lat' dir='ltr'><strong>et</strong></span> <span class='ocrx_word' id='word_1_152' title='bbox 1145 2069 1346 2160; x_wconf 86' lang='lat' dir='ltr'><strong>panegerioas</strong></span> <span class='ocrx_word' id='word_1_153' title='bbox 1367 2069 1504 2135; x_wconf 83' lang='lat' dir='ltr'><strong>instituit</strong></span> <span class='ocrx_word' id='word_1_154' title='bbox 1529 2093 1594 2135; x_wconf 91' lang='lat' dir='ltr'><strong>ora·</strong></span> 
     </span>
     <span class='ocr_line' id='line_1_17' title="bbox 405 2155 1593 2259; baseline -0.002 -37"><span class='ocrx_word' id='word_1_155' title='bbox 405 2157 506 2222; x_wconf 90' lang='lat' dir='ltr'><strong>tiones</strong></span> <span class='ocrx_word' id='word_1_156' title='bbox 520 2159 559 2222; x_wconf 92' lang='lat' dir='ltr'><strong>de</strong></span> <span class='ocrx_word' id='word_1_157' title='bbox 574 2163 630 2224; x_wconf 76' lang='lat' dir='ltr'><strong>sua</strong></span> <span class='ocrx_word' id='word_1_158' title='bbox 643 2158 738 2246; x_wconf 77' lang='lat' dir='ltr'><strong>stirpe</strong></span> <span class='ocrx_word' id='word_1_159' title='bbox 754 2172 787 2224; x_wconf 91' lang='lat' dir='ltr'><strong>et</strong></span> <span class='ocrx_word' id='word_1_160' title='bbox 801 2159 952 2259; x_wconf 78' lang='lat' dir='ltr'><strong>cognatis,</strong></span> <span class='ocrx_word' id='word_1_161' title='bbox 967 2159 1068 2249; x_wconf 88' lang='lat' dir='ltr'><strong>plenis</strong></span> <span class='ocrx_word' id='word_1_162' title='bbox 1082 2157 1303 2224; x_wconf 71' lang='lat' dir='ltr'><strong>malevolentia</strong></span> <span class='ocrx_word' id='word_1_163' title='bbox 1317 2170 1349 2222; x_wconf 89' lang='lat' dir='ltr'><strong>et</strong></span> <span class='ocrx_word' id='word_1_164' title='bbox 1363 2155 1593 2233; x_wconf 73' lang='lat' dir='ltr'><strong>maledicentia,</strong></span> 
     </span>
     <span class='ocr_line' id='line_1_18' title="bbox 404 2241 1594 2348; baseline 0 -41"><span class='ocrx_word' id='word_1_165' title='bbox 404 2243 484 2310; x_wconf 88' lang='lat' dir='ltr'><strong>velis</strong></span> <span class='ocrx_word' id='word_1_166' title='bbox 497 2243 581 2322; x_wconf 85' lang='lat' dir='ltr'><strong>ferri,</strong></span> <span class='ocrx_word' id='word_1_167' title='bbox 595 2243 631 2309; x_wconf 91' lang='lat' dir='ltr'><strong>in</strong></span> <span class='ocrx_word' id='word_1_168' title='bbox 645 2269 698 2310; x_wconf 89' lang='lat' dir='ltr'><strong>eos</strong></span> <span class='ocrx_word' id='word_1_169' title='bbox 712 2261 882 2333; x_wconf 83' lang='lat' dir='ltr'><strong>praesertrm</strong></span> <span class='ocrx_word' id='word_1_170' title='bbox 897 2247 952 2348; x_wconf 87' lang='lat' dir='ltr'><strong>qui</strong></span> <span class='ocrx_word' id='word_1_171' title='bbox 963 2246 1015 2312; x_wconf 92' lang='lat' dir='ltr'><strong>vel</strong></span> <span class='ocrx_word' id='word_1_172' title='bbox 1029 2245 1089 2313; x_wconf 87' lang='lat' dir='ltr'><strong>sibi</strong></span> <span class='ocrx_word' id='word_1_173' title='bbox 1103 2247 1155 2311; x_wconf 87' lang='lat' dir='ltr'><strong>vel</strong></span> <span class='ocrx_word' id='word_1_174' title='bbox 1170 2245 1232 2310; x_wconf 88' lang='lat' dir='ltr'><strong>suis</strong></span> <span class='ocrx_word' id='word_1_175' title='bbox 1246 2245 1280 2310; x_wconf 89' lang='lat' dir='ltr'><strong>in</strong></span> <span class='ocrx_word' id='word_1_176' title='bbox 1294 2267 1327 2309; x_wconf 90' lang='lat' dir='ltr'><strong>re</strong></span> <span class='ocrx_word' id='word_1_177' title='bbox 1343 2243 1408 2310; x_wconf 72' lang='lat' dir='ltr'><strong>ulla</strong></span> <span class='ocrx_word' id='word_1_178' title='bbox 1422 2256 1476 2309; x_wconf 89' lang='lat' dir='ltr'><strong>aut</strong></span> <span class='ocrx_word' id='word_1_179' title='bbox 1487 2241 1594 2331; x_wconf 82' lang='lat' dir='ltr'><strong>neptis,</strong></span> 
     </span>
     <span class='ocr_line' id='line_1_19' title="bbox 405 2330 1595 2421; baseline 0 -27"><span class='ocrx_word' id='word_1_180' title='bbox 405 2330 505 2409; x_wconf 84' lang='lat' dir='ltr'><strong>dietis,</strong></span> <span class='ocrx_word' id='word_1_181' title='bbox 527 2331 659 2418; x_wconf 87' lang='lat' dir='ltr'><strong>scriptis,</strong></span> <span class='ocrx_word' id='word_1_182' title='bbox 682 2332 778 2420; x_wconf 88' lang='lat' dir='ltr'><strong>gestis</strong></span> <span class='ocrx_word' id='word_1_183' title='bbox 792 2357 846 2398; x_wconf 90' lang='lat' dir='ltr'><strong>seu</strong></span> <span class='ocrx_word' id='word_1_184' title='bbox 869 2333 998 2421; x_wconf 74' lang='lat' dir='ltr'><strong>privatis</strong></span> <span class='ocrx_word' id='word_1_185' title='bbox 1013 2355 1067 2398; x_wconf 89' lang='lat' dir='ltr'><strong>seu</strong></span> <span class='ocrx_word' id='word_1_186' title='bbox 1110 2331 1224 2397; x_wconf 87' lang='lat' dir='ltr'><strong>ublieis</strong></span> <span class='ocrx_word' id='word_1_187' title='bbox 1237 2331 1365 2396; x_wconf 88' lang='lat' dir='ltr'><strong>videbat</strong></span> <span class='ocrx_word' id='word_1_188' title='bbox 1375 2330 1526 2396; x_wconf 85' lang='lat' dir='ltr'><strong>contraire</strong></span> <span class='ocrx_word' id='word_1_189' title='bbox 1543 2334 1595 2412; x_wconf 92' lang='lat' dir='ltr'><strong>(ut</strong></span> 
     </span>
     <span class='ocr_line' id='line_1_20' title="bbox 405 2357 1594 2518; baseline -0.002 -36"><span class='ocrx_word' id='word_1_190' title='bbox 405 2417 531 2483; x_wconf 89' lang='lat' dir='ltr'><strong>fuerunt</strong></span> <span class='ocrx_word' id='word_1_191' title='bbox 545 2419 626 2518; x_wconf 71' lang='lat' dir='ltr'><strong>pene</strong></span> <span class='ocrx_word' id='word_1_192' title='bbox 639 2417 891 2500; x_wconf 87' lang='lat' dir='ltr'><strong>innumerabiles,</strong></span> <span class='ocrx_word' id='word_1_193' title='bbox 914 2443 1046 2506; x_wconf 90' lang='lat' dir='ltr'><strong>quorum</strong></span> <span class='ocrx_word' id='word_1_194' title='bbox 1067 2357 1172 2506; x_wconf 74' lang='lat' dir='ltr'><strong>adque</strong></span> <span class='ocrx_word' id='word_1_195' title='bbox 1190 2417 1319 2485; x_wconf 89' lang='lat' dir='ltr'><strong>nomina</strong></span> <span class='ocrx_word' id='word_1_196' title='bbox 1338 2429 1511 2483; x_wconf 88' lang='lat' dir='ltr'><strong>memoratu</strong></span> <span class='ocrx_word' id='word_1_197' title='bbox 1530 2440 1594 2481; x_wconf 92' lang='lat' dir='ltr'><strong>non</strong></span> 
     </span>
     <span class='ocr_line' id='line_1_21' title="bbox 404 2503 1595 2593; baseline 0 -26"><span class='ocrx_word' id='word_1_198' title='bbox 404 2503 536 2592; x_wconf 87' lang='lat' dir='ltr'><strong>indigna</strong></span> <span class='ocrx_word' id='word_1_199' title='bbox 549 2529 584 2568; x_wconf 92' lang='lat' dir='ltr'><strong>1n</strong></span> <span class='ocrx_word' id='word_1_200' title='bbox 598 2506 667 2570; x_wconf 86' lang='lat' dir='ltr'><strong>loeo</strong></span> <span class='ocrx_word' id='word_1_201' title='bbox 681 2505 850 2593; x_wconf 85' lang='lat' dir='ltr'><strong>proferam)</strong></span> <span class='ocrx_word' id='word_1_202' title='bbox 867 2531 931 2572; x_wconf 89' lang='lat' dir='ltr'><strong>non</strong></span> <span class='ocrx_word' id='word_1_203' title='bbox 988 2519 1066 2571; x_wconf 81' lang='lat' dir='ltr'><strong>terat</strong></span> <span class='ocrx_word' id='word_1_204' title='bbox 1080 2530 1171 2571; x_wconf 90' lang='lat' dir='ltr'><strong>suum</strong></span> <span class='ocrx_word' id='word_1_205' title='bbox 1186 2505 1332 2571; x_wconf 85' lang='lat' dir='ltr'><strong>cohibere</strong></span> <span class='ocrx_word' id='word_1_206' title='bbox 1347 2503 1502 2570; x_wconf 88' lang='lat' dir='ltr'><strong>calamum</strong></span> <span class='ocrx_word' id='word_1_207' title='bbox 1517 2503 1595 2589; x_wconf 90' lang='lat' dir='ltr'><strong>quin</strong></span> 
     </span>
     <span class='ocr_line' id='line_1_22' title="bbox 406 2589 1596 2681; baseline 0 -25"><span class='ocrx_word' id='word_1_208' title='bbox 406 2590 629 2658; x_wconf 77' lang='lat' dir='ltr'><strong>Oambrensem</strong></span> <span class='ocrx_word' id='word_1_209' title='bbox 659 2593 890 2681; x_wconf 84' lang='lat' dir='ltr'><strong>“compelleret</strong></span> <span class='ocrx_word' id='word_1_210' title='bbox 917 2593 1172 2659; x_wconf 87' lang='lat' dir='ltr'><strong>oaumniatorem</strong></span> <span class='ocrx_word' id='word_1_211' title='bbox 1201 2591 1470 2668; x_wconf 84' lang='lat' dir='ltr'><strong>contumeliosum,</strong></span> <span class='ocrx_word' id='word_1_212' title='bbox 1500 2589 1596 2656; x_wconf 88' lang='lat' dir='ltr'><strong>male·</strong></span> 
     </span>
     <span class='ocr_line' id='line_1_23' title="bbox 407 2676 1593 2767; baseline -0.002 -25"><span class='ocrx_word' id='word_1_213' title='bbox 407 2677 523 2757; x_wconf 83' lang='lat' dir='ltr'><strong>dicum,</strong></span> <span class='ocrx_word' id='word_1_214' title='bbox 530 2678 730 2758; x_wconf 88' lang='lat' dir='ltr'><strong>malevolum,</strong></span> <span class='ocrx_word' id='word_1_215' title='bbox 737 2681 883 2746; x_wconf 79' lang='lat' dir='ltr'><strong>acerbum</strong></span> <span class='ocrx_word' id='word_1_216' title='bbox 894 2681 1134 2758; x_wconf 86' lang='lat' dir='ltr'><strong>criminatorem,</strong></span> <span class='ocrx_word' id='word_1_217' title='bbox 1146 2678 1304 2767; x_wconf 79' lang='lat' dir='ltr'><strong>supemilii</strong></span> <span class='ocrx_word' id='word_1_218' title='bbox 1310 2677 1482 2743; x_wconf 88' lang='lat' dir='ltr'><strong>Pharisaioi</strong></span> <span class='ocrx_word' id='word_1_219' title='bbox 1493 2676 1593 2741; x_wconf 91' lang='lat' dir='ltr'><strong>homi·</strong></span> 
     </span>
     <span class='ocr_line' id='line_1_24' title="bbox 405 2764 1595 2852; baseline -0.003 -22"><span class='ocrx_word' id='word_1_220' title='bbox 405 2789 489 2842; x_wconf 88' lang='lat' dir='ltr'><strong>nem,</strong></span> <span class='ocrx_word' id='word_1_221' title='bbox 500 2765 555 2851; x_wconf 90' lang='lat' dir='ltr'><strong>qui</strong></span> <span class='ocrx_word' id='word_1_222' title='bbox 570 2764 686 2832; x_wconf 87' lang='lat' dir='ltr'><strong>alienos</strong></span> <span class='ocrx_word' id='word_1_223' title='bbox 699 2766 808 2832; x_wconf 82' lang='lat' dir='ltr'><strong>linceis</strong></span> <span class='ocrx_word' id='word_1_224' title='bbox 823 2767 921 2834; x_wconf 91' lang='lat' dir='ltr'><strong>oeulis</strong></span> <span class='ocrx_word' id='word_1_225' title='bbox 930 2767 1080 2846; x_wconf 87' lang='lat' dir='ltr'><strong>intuetur,</strong></span> <span class='ocrx_word' id='word_1_226' title='bbox 1095 2789 1165 2832; x_wconf 87' lang='lat' dir='ltr'><strong>suos</strong></span> <span class='ocrx_word' id='word_1_227' title='bbox 1175 2779 1304 2831; x_wconf 82' lang='lat' dir='ltr'><strong>strumas</strong></span> <span class='ocrx_word' id='word_1_228' title='bbox 1319 2765 1414 2830; x_wconf 88' lang='lat' dir='ltr'><strong>instar</strong></span> <span class='ocrx_word' id='word_1_229' title='bbox 1424 2764 1515 2852; x_wconf 86' lang='lat' dir='ltr'><strong>talpae</strong></span> <span class='ocrx_word' id='word_1_230' title='bbox 1530 2787 1595 2827; x_wconf 92' lang='lat' dir='ltr'><strong>non</strong></span> 
     </span>
     <span class='ocr_line' id='line_1_25' title="bbox 406 2850 1593 2942; baseline -0.003 -26"><span class='ocrx_word' id='word_1_231' title='bbox 406 2851 586 2940; x_wconf 76' lang='lat' dir='ltr'><strong>dispicere.”</strong></span> <span class='ocrx_word' id='word_1_232' title='bbox 630 2852 691 2918; x_wconf 91' lang='lat' dir='ltr'><strong>His</strong></span> <span class='ocrx_word' id='word_1_233' title='bbox 704 2853 863 2942; x_wconf 86' lang='lat' dir='ltr'><strong>epithoetis</strong></span> <span class='ocrx_word' id='word_1_234' title='bbox 877 2854 1055 2942; x_wconf 85' lang='lat' dir='ltr'><strong>Gyraldum</strong></span> <span class='ocrx_word' id='word_1_235' title='bbox 1067 2866 1154 2918; x_wconf 90' lang='lat' dir='ltr'><strong>omat</strong></span> <span class='ocrx_word' id='word_1_236' title='bbox 1165 2866 1351 2918; x_wconf 86' lang='lat' dir='ltr'><strong>mussantem</strong></span> <span class='ocrx_word' id='word_1_237' title='bbox 1367 2851 1475 2917; x_wconf 78' lang='lat' dir='ltr'><strong>erebro</strong></span> <span class='ocrx_word' id='word_1_238' title='bbox 1489 2850 1593 2915; x_wconf 83' lang='lat' dir='ltr'><strong>facun-</strong></span> 
     </span>
     <span class='ocr_line' id='line_1_26' title="bbox 406 2936 1592 3026; baseline -0.002 -24"><span class='ocrx_word' id='word_1_239' title='bbox 406 2938 459 3004; x_wconf 81' lang='lat' dir='ltr'><strong>dit</strong></span> <span class='ocrx_word' id='word_1_240' title='bbox 473 2940 586 3005; x_wconf 71' lang='lat' dir='ltr'><strong>canina</strong></span> <span class='ocrx_word' id='word_1_241' title='bbox 600 2939 746 3006; x_wconf 85' lang='lat' dir='ltr'><strong>adversus</strong></span> <span class='ocrx_word' id='word_1_242' title='bbox 761 2941 933 3007; x_wconf 82' lang='lat' dir='ltr'><strong>Hervaeum</strong></span> <span class='ocrx_word' id='word_1_243' title='bbox 953 2942 992 3007; x_wconf 90' lang='lat' dir='ltr'><strong>de</strong></span> <span class='ocrx_word' id='word_1_244' title='bbox 1007 2954 1114 3008; x_wconf 87' lang='lat' dir='ltr'><strong>monte</strong></span> <span class='ocrx_word' id='word_1_245' title='bbox 1126 2939 1261 3006; x_wconf 84' lang='lat' dir='ltr'><strong>Mariseo</strong></span> <span class='ocrx_word' id='word_1_246' title='bbox 1283 2939 1385 3003; x_wconf 90' lang='lat' dir='ltr'><strong>virum</strong></span> <span class='ocrx_word' id='word_1_247' title='bbox 1400 2936 1592 3026; x_wconf 86' lang='lat' dir='ltr'><strong>primarium,</strong></span> 
     </span>
    </p>
   </div>
   <div class='ocr_carea' id='block_1_3' title="bbox 397 3024 1595 3178">
    <p class='ocr_par' dir='ltr' id='par_1_4' title="bbox 397 3024 1595 3178">
     <span class='ocr_line' id='line_1_27' title="bbox 397 3024 1595 3178; baseline -0.002 -88"><span class='ocrx_word' id='word_1_248' title='bbox 397 3048 501 3110; x_wconf 72' lang='lat' dir='ltr'><strong>,quem</strong></span> <span class='ocrx_word' id='word_1_249' title='bbox 538 3026 623 3090; x_wconf 89' lang='lat' dir='ltr'><strong>idem</strong></span> <span class='ocrx_word' id='word_1_250' title='bbox 659 3027 838 3178; x_wconf 49' lang='lat' dir='ltr'><strong>(ffraldus&#39;l</strong></span> <span class='ocrx_word' id='word_1_251' title='bbox 870 3043 963 3094; x_wconf 86' lang='lat' dir='ltr'><strong>vocat</strong></span> <span class='ocrx_word' id='word_1_252' title='bbox 1002 3052 1099 3093; x_wconf 91' lang='lat' dir='ltr'><strong>uuum</strong></span> <span class='ocrx_word' id='word_1_253' title='bbox 1142 3037 1217 3092; x_wconf 87' lang='lat' dir='ltr'><strong>“ex</strong></span> <span class='ocrx_word' id='word_1_254' title='bbox 1247 3040 1379 3111; x_wconf 90' lang='lat' dir='ltr'><strong>quatuor</strong></span> <span class='ocrx_word' id='word_1_255' title='bbox 1411 3024 1595 3112; x_wconf 87' lang='lat' dir='ltr'><strong>grandibus”</strong></span> 
     </span>
    </p>
   </div>
   <div class='ocr_carea' id='block_1_4' title="bbox 404 3111 1599 4679">
    <p class='ocr_par' dir='ltr' id='par_1_5' title="bbox 404 3111 1599 4679">
     <span class='ocr_line' id='line_1_28' title="bbox 406 3111 1595 3204; baseline 0 -29"><span class='ocrx_word' id='word_1_256' title='bbox 406 3113 649 3199; x_wconf 79' lang='lat' dir='ltr'><strong>expugnationis</strong></span> <span class='ocrx_word' id='word_1_257' title='bbox 712 3115 805 3179; x_wconf 80' lang='lat' dir='ltr'><strong>emiae</strong></span> <span class='ocrx_word' id='word_1_258' title='bbox 829 3115 1013 3204; x_wconf 77' lang='lat' dir='ltr'><strong>“postibus’&#39;</strong></span> <span class='ocrx_word' id='word_1_259' title='bbox 1038 3115 1093 3201; x_wconf 88' lang='lat' dir='ltr'><strong>qui</strong></span> <span class='ocrx_word' id='word_1_260' title='bbox 1122 3113 1294 3178; x_wconf 84' lang='lat' dir='ltr'><strong>detestabat</strong></span> <span class='ocrx_word' id='word_1_261' title='bbox 1322 3111 1455 3199; x_wconf 88' lang='lat' dir='ltr'><strong>rapinas,</strong></span> <span class='ocrx_word' id='word_1_262' title='bbox 1486 3111 1595 3190; x_wconf 79' lang='lat' dir='ltr'><strong>cades,</strong></span> 
     </span>
     <span class='ocr_line' id='line_1_29' title="bbox 406 3197 1596 3288; baseline 0.001 -26"><span class='ocrx_word' id='word_1_263' title='bbox 406 3198 596 3286; x_wconf 86' lang='lat' dir='ltr'><strong>tyrannides,</strong></span> <span class='ocrx_word' id='word_1_264' title='bbox 618 3199 773 3278; x_wconf 84' lang='lat' dir='ltr'><strong>incendia,</strong></span> <span class='ocrx_word' id='word_1_265' title='bbox 796 3201 918 3288; x_wconf 86' lang='lat' dir='ltr'><strong>aliaque</strong></span> <span class='ocrx_word' id='word_1_266' title='bbox 940 3201 1054 3266; x_wconf 86' lang='lat' dir='ltr'><strong>damna</strong></span> <span class='ocrx_word' id='word_1_267' title='bbox 1067 3199 1208 3288; x_wconf 84' lang='lat' dir='ltr'><strong>ingentia</strong></span> <span class='ocrx_word' id='word_1_268' title='bbox 1222 3223 1291 3286; x_wconf 86' lang='lat' dir='ltr'><strong>quae</strong></span> <span class='ocrx_word' id='word_1_269' title='bbox 1307 3198 1355 3264; x_wconf 87' lang='lat' dir='ltr'><strong>Re</strong></span> <span class='ocrx_word' id='word_1_270' title='bbox 1379 3197 1514 3265; x_wconf 89' lang='lat' dir='ltr'><strong>mundus</strong></span> <span class='ocrx_word' id='word_1_271' title='bbox 1529 3198 1596 3286; x_wconf 88' lang='lat' dir='ltr'><strong>Gy·</strong></span> 
     </span>
     <span class='ocr_line' id='line_1_30' title="bbox 406 3225 1595 3374; baseline 0.001 -25"><span class='ocrx_word' id='word_1_272' title='bbox 406 3284 522 3363; x_wconf 86' lang='lat' dir='ltr'><strong>raldus,</strong></span> <span class='ocrx_word' id='word_1_273' title='bbox 536 3297 664 3371; x_wconf 89' lang='lat' dir='ltr'><strong>patruus</strong></span> <span class='ocrx_word' id='word_1_274' title='bbox 678 3285 774 3350; x_wconf 86' lang='lat' dir='ltr'><strong>nostri</strong></span> <span class='ocrx_word' id='word_1_275' title='bbox 791 3286 934 3352; x_wconf 88' lang='lat' dir='ltr'><strong>Silvestri</strong></span> <span class='ocrx_word' id='word_1_276' title='bbox 944 3287 1076 3374; x_wconf 86' lang='lat' dir='ltr'><strong>Gyraldi</strong></span> <span class='ocrx_word' id='word_1_277' title='bbox 1087 3283 1294 3364; x_wconf 73' lang='lat' dir='ltr'><strong>(lambrensis,</strong></span> <span class='ocrx_word' id='word_1_278' title='bbox 1309 3225 1461 3351; x_wconf 64' lang='lat' dir='ltr'><strong>indebat</strong></span> <span class='ocrx_word' id='word_1_279' title='bbox 1472 3283 1595 3352; x_wconf 89' lang='lat' dir='ltr'><strong>Ibernis</strong></span> 
     </span>
     <span class='ocr_line' id='line_1_31' title="bbox 408 3371 1595 3457; baseline 0.001 -21"><span class='ocrx_word' id='word_1_280' title='bbox 408 3395 487 3456; x_wconf 91' lang='lat' dir='ltr'><strong>quos</strong></span> <span class='ocrx_word' id='word_1_281' title='bbox 520 3383 652 3457; x_wconf 87' lang='lat' dir='ltr'><strong>uterque</strong></span> <span class='ocrx_word' id='word_1_282' title='bbox 677 3387 821 3439; x_wconf 88' lang='lat' dir='ltr'><strong>extremo</strong></span> <span class='ocrx_word' id='word_1_283' title='bbox 845 3373 1056 3440; x_wconf 81' lang='lat' dir='ltr'><strong>insectabatur</strong></span> <span class='ocrx_word' id='word_1_284' title='bbox 1088 3373 1172 3439; x_wconf 77' lang='lat' dir='ltr'><strong>odio·</strong></span> <span class='ocrx_word' id='word_1_285' title='bbox 1245 3373 1398 3439; x_wconf 83' lang='lat' dir='ltr'><strong>Hervaeus</strong></span> <span class='ocrx_word' id='word_1_286' title='bbox 1419 3374 1504 3451; x_wconf 75' lang='lat' dir='ltr'><strong>voro,</strong></span> <span class='ocrx_word' id='word_1_287' title='bbox 1536 3371 1595 3438; x_wconf 81' lang='lat' dir='ltr'><strong>otei</strong></span> 
     </span>
     <span class='ocr_line' id='line_1_32' title="bbox 408 3457 1596 3548; baseline 0.002 -26"><span class='ocrx_word' id='word_1_288' title='bbox 408 3457 500 3522; x_wconf 88' lang='lat' dir='ltr'><strong>initio</strong></span> <span class='ocrx_word' id='word_1_289' title='bbox 515 3457 741 3545; x_wconf 85' lang='lat' dir='ltr'><strong>Reymundum</strong></span> <span class='ocrx_word' id='word_1_290' title='bbox 755 3459 795 3524; x_wconf 88' lang='lat' dir='ltr'><strong>ad</strong></span> <span class='ocrx_word' id='word_1_291' title='bbox 809 3459 994 3548; x_wconf 89' lang='lat' dir='ltr'><strong>rapiendum</strong></span> <span class='ocrx_word' id='word_1_292' title='bbox 1005 3459 1125 3546; x_wconf 86' lang='lat' dir='ltr'><strong>juverit</strong></span> <span class='ocrx_word' id='word_1_293' title='bbox 1139 3460 1225 3525; x_wconf 87' lang='lat' dir='ltr'><strong>etad</strong></span> <span class='ocrx_word' id='word_1_294' title='bbox 1240 3459 1350 3538; x_wconf 85' lang='lat' dir='ltr'><strong>eaedes,</strong></span> <span class='ocrx_word' id='word_1_295' title='bbox 1362 3459 1549 3524; x_wconf 87' lang='lat' dir='ltr'><strong>vastationes</strong></span> <span class='ocrx_word' id='word_1_296' title='bbox 1563 3472 1596 3523; x_wconf 89' lang='lat' dir='ltr'><strong>et</strong></span> 
     </span>
     <span class='ocr_line' id='line_1_33' title="bbox 407 3544 1596 3634; baseline 0.002 -25"><span class='ocrx_word' id='word_1_297' title='bbox 407 3544 582 3610; x_wconf 88' lang='lat' dir='ltr'><strong>invasiones</strong></span> <span class='ocrx_word' id='word_1_298' title='bbox 606 3544 699 3611; x_wconf 90' lang='lat' dir='ltr'><strong>alieni</strong></span> <span class='ocrx_word' id='word_1_299' title='bbox 715 3546 798 3633; x_wconf 87' lang='lat' dir='ltr'><strong>juris</strong></span> <span class='ocrx_word' id='word_1_300' title='bbox 818 3547 954 3612; x_wconf 88' lang='lat' dir='ltr'><strong>multlrm</strong></span> <span class='ocrx_word' id='word_1_301' title='bbox 977 3545 1131 3624; x_wconf 70' lang='lat' dir='ltr'><strong>animarit,</strong></span> <span class='ocrx_word' id='word_1_302' title='bbox 1152 3547 1351 3634; x_wconf 90' lang='lat' dir='ltr'><strong>postmodum</strong></span> <span class='ocrx_word' id='word_1_303' title='bbox 1377 3559 1483 3612; x_wconf 89' lang='lat' dir='ltr'><strong>tamen</strong></span> <span class='ocrx_word' id='word_1_304' title='bbox 1502 3546 1596 3612; x_wconf 89' lang='lat' dir='ltr'><strong>male·</strong></span> 
     </span>
     <span class='ocr_line' id='line_1_34' title="bbox 407 3632 1596 3721; baseline 0.001 -25"><span class='ocrx_word' id='word_1_305' title='bbox 407 3632 560 3698; x_wconf 81' lang='lat' dir='ltr'><strong>laetorum</strong></span> <span class='ocrx_word' id='word_1_306' title='bbox 575 3655 700 3697; x_wconf 84' lang='lat' dir='ltr'><strong>suorum</strong></span> <span class='ocrx_word' id='word_1_307' title='bbox 725 3632 886 3721; x_wconf 85' lang='lat' dir='ltr'><strong>poenitens,</strong></span> <span class='ocrx_word' id='word_1_308' title='bbox 909 3647 942 3700; x_wconf 92' lang='lat' dir='ltr'><strong>et</strong></span> <span class='ocrx_word' id='word_1_309' title='bbox 956 3647 1107 3700; x_wconf 84' lang='lat' dir='ltr'><strong>retroacta</strong></span> <span class='ocrx_word' id='word_1_310' title='bbox 1120 3632 1215 3699; x_wconf 80' lang='lat' dir='ltr'><strong>totids</strong></span> <span class='ocrx_word' id='word_1_311' title='bbox 1230 3633 1303 3698; x_wconf 84' lang='lat' dir='ltr'><strong>vitae</strong></span> <span class='ocrx_word' id='word_1_312' title='bbox 1318 3647 1418 3698; x_wconf 88' lang='lat' dir='ltr'><strong>errata</strong></span> <span class='ocrx_word' id='word_1_313' title='bbox 1431 3633 1596 3698; x_wconf 88' lang='lat' dir='ltr'><strong>emendare</strong></span> 
     </span>
     <span class='ocr_line' id='line_1_35' title="bbox 406 3719 1595 3822; baseline 0.002 -38"><span class='ocrx_word' id='word_1_314' title='bbox 406 3719 544 3819; x_wconf 87' lang='lat' dir='ltr'><strong>cupiens,</strong></span> <span class='ocrx_word' id='word_1_315' title='bbox 560 3742 686 3785; x_wconf 89' lang='lat' dir='ltr'><strong>omnem</strong></span> <span class='ocrx_word' id='word_1_316' title='bbox 701 3721 852 3787; x_wconf 89' lang='lat' dir='ltr'><strong>malitiam</strong></span> <span class='ocrx_word' id='word_1_317' title='bbox 867 3745 939 3787; x_wconf 88' lang='lat' dir='ltr'><strong>oum</strong></span> <span class='ocrx_word' id='word_1_318' title='bbox 954 3720 1068 3787; x_wconf 76' lang='lat' dir='ltr'><strong>militia</strong></span> <span class='ocrx_word' id='word_1_319' title='bbox 1082 3721 1235 3822; x_wconf 87' lang='lat' dir='ltr'><strong>deposuit,</strong></span> <span class='ocrx_word' id='word_1_320' title='bbox 1251 3733 1283 3785; x_wconf 90' lang='lat' dir='ltr'><strong>et</strong></span> <span class='ocrx_word' id='word_1_321' title='bbox 1298 3719 1476 3808; x_wconf 87' lang='lat' dir='ltr'><strong>poenitentis</strong></span> <span class='ocrx_word' id='word_1_322' title='bbox 1490 3743 1595 3786; x_wconf 89' lang='lat' dir='ltr'><strong>mona·</strong></span> 
     </span>
     <span class='ocr_line' id='line_1_36' title="bbox 406 3806 1596 3896; baseline 0 -25"><span class='ocrx_word' id='word_1_323' title='bbox 406 3806 459 3871; x_wconf 84' lang='lat' dir='ltr'><strong>clu</strong></span> <span class='ocrx_word' id='word_1_324' title='bbox 474 3806 617 3872; x_wconf 88' lang='lat' dir='ltr'><strong>habitum</strong></span> <span class='ocrx_word' id='word_1_325' title='bbox 627 3806 748 3886; x_wconf 90' lang='lat' dir='ltr'><strong>induit;</strong></span> <span class='ocrx_word' id='word_1_326' title='bbox 763 3808 815 3874; x_wconf 87' lang='lat' dir='ltr'><strong>eui</strong></span> <span class='ocrx_word' id='word_1_327' title='bbox 830 3807 952 3874; x_wconf 89' lang='lat' dir='ltr'><strong>etiamsi</strong></span> <span class='ocrx_word' id='word_1_328' title='bbox 962 3807 1115 3874; x_wconf 79' lang='lat' dir='ltr'><strong>monacho</strong></span> <span class='ocrx_word' id='word_1_329' title='bbox 1125 3831 1193 3894; x_wconf 77' lang='lat' dir='ltr'><strong>Jam</strong></span> <span class='ocrx_word' id='word_1_330' title='bbox 1208 3831 1267 3872; x_wconf 88' lang='lat' dir='ltr'><strong>nee</strong></span> <span class='ocrx_word' id='word_1_331' title='bbox 1298 3807 1416 3896; x_wconf 87' lang='lat' dir='ltr'><strong>eperoit</strong></span> <span class='ocrx_word' id='word_1_332' title='bbox 1426 3807 1596 3873; x_wconf 87' lang='lat' dir='ltr'><strong>Cambren·</strong></span> 
     </span>
     <span class='ocr_line' id='line_1_37' title="bbox 406 3831 1596 3983; baseline 0.001 -26"><span class='ocrx_word' id='word_1_333' title='bbox 406 3891 455 3972; x_wconf 87' lang='lat' dir='ltr'><strong>sis,</strong></span> <span class='ocrx_word' id='word_1_334' title='bbox 482 3892 537 3979; x_wconf 92' lang='lat' dir='ltr'><strong>qui</strong></span> <span class='ocrx_word' id='word_1_335' title='bbox 558 3917 623 3958; x_wconf 92' lang='lat' dir='ltr'><strong>non</strong></span> <span class='ocrx_word' id='word_1_336' title='bbox 636 3908 800 3960; x_wconf 85' lang='lat' dir='ltr'><strong>contentus</strong></span> <span class='ocrx_word' id='word_1_337' title='bbox 820 3895 962 3983; x_wconf 87' lang='lat' dir='ltr'><strong>sparsisse</strong></span> <span class='ocrx_word' id='word_1_338' title='bbox 981 3908 1029 3961; x_wconf 87' lang='lat' dir='ltr'><strong>tot</strong></span> <span class='ocrx_word' id='word_1_339' title='bbox 1046 3895 1179 3960; x_wconf 85' lang='lat' dir='ltr'><strong>famosos</strong></span> <span class='ocrx_word' id='word_1_340' title='bbox 1202 3831 1324 3960; x_wconf 77' lang='lat' dir='ltr'><strong>libellos</strong></span> <span class='ocrx_word' id='word_1_341' title='bbox 1348 3893 1493 3960; x_wconf 87' lang='lat' dir='ltr'><strong>adversus</strong></span> <span class='ocrx_word' id='word_1_342' title='bbox 1516 3893 1596 3959; x_wconf 90' lang='lat' dir='ltr'><strong>Her-</strong></span> 
     </span>
     <span class='ocr_line' id='line_1_38' title="bbox 405 3979 1596 4069; baseline 0 -25"><span class='ocrx_word' id='word_1_343' title='bbox 405 4003 507 4044; x_wconf 89' lang='lat' dir='ltr'><strong>vaeum</strong></span> <span class='ocrx_word' id='word_1_344' title='bbox 531 3979 675 4061; x_wconf 87' lang='lat' dir='ltr'><strong>militem,</strong></span> <span class='ocrx_word' id='word_1_345' title='bbox 699 3981 744 4047; x_wconf 87' lang='lat' dir='ltr'><strong>sie</strong></span> <span class='ocrx_word' id='word_1_346' title='bbox 768 3981 803 4048; x_wconf 91' lang='lat' dir='ltr'><strong>in</strong></span> <span class='ocrx_word' id='word_1_347' title='bbox 831 3982 978 4048; x_wconf 88' lang='lat' dir='ltr'><strong>eumdem</strong></span> <span class='ocrx_word' id='word_1_348' title='bbox 999 3983 1067 4069; x_wconf 90' lang='lat' dir='ltr'><strong>jam</strong></span> <span class='ocrx_word' id='word_1_349' title='bbox 1087 3981 1275 4047; x_wconf 84' lang='lat' dir='ltr'><strong>monachum</strong></span> <span class='ocrx_word' id='word_1_350' title='bbox 1299 3981 1400 4058; x_wconf 85' lang='lat' dir='ltr'><strong>irruit,</strong></span> <span class='ocrx_word' id='word_1_351' title='bbox 1425 3995 1457 4046; x_wconf 89' lang='lat' dir='ltr'><strong>et</strong></span> <span class='ocrx_word' id='word_1_352' title='bbox 1481 3981 1596 4046; x_wconf 86' lang='lat' dir='ltr'><strong>famam</strong></span> 
     </span>
     <span class='ocr_line' id='line_1_39' title="bbox 405 4066 1595 4158; baseline 0.002 -28"><span class='ocrx_word' id='word_1_353' title='bbox 405 4066 555 4144; x_wconf 81' lang='lat' dir='ltr'><strong>lacerans,</strong></span> <span class='ocrx_word' id='word_1_354' title='bbox 570 4067 615 4133; x_wconf 86' lang='lat' dir='ltr'><strong>ait</strong></span> <span class='ocrx_word' id='word_1_355' title='bbox 644 4078 663 4107; x_wconf 92' lang='grc'>“</span> <span class='ocrx_word' id='word_1_356' title='bbox 678 4067 771 4134; x_wconf 81' lang='lat' dir='ltr'><strong>Circa</strong></span> <span class='ocrx_word' id='word_1_357' title='bbox 795 4068 856 4134; x_wconf 87' lang='lat' dir='ltr'><strong>hoe</strong></span> <span class='ocrx_word' id='word_1_358' title='bbox 877 4081 1001 4158; x_wconf 90' lang='lat' dir='ltr'><strong>tempus</strong></span> <span class='ocrx_word' id='word_1_359' title='bbox 1017 4073 1114 4154; x_wconf 91' lang='lat' dir='ltr'><strong>(anno</strong></span> <span class='ocrx_word' id='word_1_360' title='bbox 1134 4068 1241 4134; x_wconf 87' lang='lat' dir='ltr'><strong>salutis</strong></span> <span class='ocrx_word' id='word_1_361' title='bbox 1264 4070 1362 4154; x_wconf 77' lang='lat'>1179)</span> <span class='ocrx_word' id='word_1_362' title='bbox 1380 4068 1533 4134; x_wconf 78' lang='lat' dir='ltr'><strong>Hervaeus</strong></span> <span class='ocrx_word' id='word_1_363' title='bbox 1555 4067 1595 4132; x_wconf 90' lang='lat' dir='ltr'><strong>de</strong></span> 
     </span>
     <span class='ocr_line' id='line_1_40' title="bbox 406 4153 1595 4255; baseline 0.001 -38"><span class='ocrx_word' id='word_1_364' title='bbox 406 4167 512 4224; x_wconf 86' lang='lat' dir='ltr'><strong>monte</strong></span> <span class='ocrx_word' id='word_1_365' title='bbox 528 4153 663 4220; x_wconf 73' lang='lat' dir='ltr'><strong>Mariano</strong></span> <span class='ocrx_word' id='word_1_366' title='bbox 677 4155 879 4221; x_wconf 85' lang='lat' dir='ltr'><strong>monasticam</strong></span> <span class='ocrx_word' id='word_1_367' title='bbox 894 4155 992 4224; x_wconf 85' lang='lat' dir='ltr'><strong>vitam</strong></span> <span class='ocrx_word' id='word_1_368' title='bbox 1007 4155 1113 4244; x_wconf 89' lang='lat' dir='ltr'><strong>elegit,</strong></span> <span class='ocrx_word' id='word_1_369' title='bbox 1130 4155 1186 4255; x_wconf 80' lang='lat' dir='ltr'><strong>qui</strong></span> <span class='ocrx_word' id='word_1_370' title='bbox 1207 4154 1328 4220; x_wconf 90' lang='lat' dir='ltr'><strong>utinam</strong></span> <span class='ocrx_word' id='word_1_371' title='bbox 1347 4157 1428 4221; x_wconf 89' lang='lat' dir='ltr'><strong>sieut</strong></span> <span class='ocrx_word' id='word_1_372' title='bbox 1441 4154 1595 4234; x_wconf 90' lang='lat' dir='ltr'><strong>habitum,</strong></span> 
     </span>
     <span class='ocr_line' id='line_1_41' title="bbox 404 4239 1596 4330; baseline 0.002 -26"><span class='ocrx_word' id='word_1_373' title='bbox 404 4239 449 4306; x_wconf 87' lang='lat' dir='ltr'><strong>sie</strong></span> <span class='ocrx_word' id='word_1_374' title='bbox 464 4255 497 4305; x_wconf 90' lang='lat' dir='ltr'><strong>et</strong></span> <span class='ocrx_word' id='word_1_375' title='bbox 511 4240 661 4320; x_wconf 87' lang='lat' dir='ltr'><strong>animum,</strong></span> <span class='ocrx_word' id='word_1_376' title='bbox 683 4240 764 4307; x_wconf 87' lang='lat' dir='ltr'><strong>siout</strong></span> <span class='ocrx_word' id='word_1_377' title='bbox 777 4242 923 4308; x_wconf 88' lang='lat' dir='ltr'><strong>militiam</strong></span> <span class='ocrx_word' id='word_1_378' title='bbox 942 4243 985 4310; x_wconf 89' lang='lat' dir='ltr'><strong>sio</strong></span> <span class='ocrx_word' id='word_1_379' title='bbox 1011 4256 1044 4308; x_wconf 89' lang='lat' dir='ltr'><strong>et</strong></span> <span class='ocrx_word' id='word_1_380' title='bbox 1073 4243 1225 4308; x_wconf 86' lang='lat' dir='ltr'><strong>mahtiam</strong></span> <span class='ocrx_word' id='word_1_381' title='bbox 1246 4241 1462 4330; x_wconf 86' lang='lat' dir='ltr'><strong>deposuisset.†</strong></span> <span class='ocrx_word' id='word_1_382' title='bbox 1517 4243 1596 4323; x_wconf 80' lang='lat' dir='ltr'><strong>Quae</strong></span> 
     </span>
     <span class='ocr_line' id='line_1_42' title="bbox 405 4327 1597 4417; baseline 0 -25"><span class='ocrx_word' id='word_1_383' title='bbox 405 4327 479 4392; x_wconf 74' lang='lat' dir='ltr'><strong>eum</strong></span> <span class='ocrx_word' id='word_1_384' title='bbox 497 4327 710 4393; x_wconf 87' lang='lat' dir='ltr'><strong>Stanihurstus</strong></span> <span class='ocrx_word' id='word_1_385' title='bbox 738 4328 772 4393; x_wconf 91' lang='lat' dir='ltr'><strong>in</strong></span> <span class='ocrx_word' id='word_1_386' title='bbox 788 4328 970 4396; x_wconf 85' lang='lat' dir='ltr'><strong>Cambrensi</strong></span> <span class='ocrx_word' id='word_1_387' title='bbox 992 4330 1127 4417; x_wconf 84' lang='lat' dir='ltr'><strong>legisset,</strong></span> <span class='ocrx_word' id='word_1_388' title='bbox 1150 4343 1187 4394; x_wconf 93' lang='lat' dir='ltr'><strong>ut</strong></span> <span class='ocrx_word' id='word_1_389' title='bbox 1200 4341 1233 4393; x_wconf 90' lang='lat' dir='ltr'><strong>et</strong></span> <span class='ocrx_word' id='word_1_390' title='bbox 1251 4329 1387 4417; x_wconf 87' lang='lat' dir='ltr'><strong>plurima</strong></span> <span class='ocrx_word' id='word_1_391' title='bbox 1401 4329 1463 4395; x_wconf 86' lang='lat' dir='ltr'><strong>alia</strong></span> <span class='ocrx_word' id='word_1_392' title='bbox 1484 4327 1597 4416; x_wconf 88' lang='lat' dir='ltr'><strong>passim</strong></span> 
     </span>
     <span class='ocr_line' id='line_1_43' title="bbox 406 4413 1598 4504; baseline 0.002 -26"><span class='ocrx_word' id='word_1_393' title='bbox 406 4413 447 4479; x_wconf 89' lang='lat' dir='ltr'><strong>de</strong></span> <span class='ocrx_word' id='word_1_394' title='bbox 474 4414 585 4480; x_wconf 88' lang='lat' dir='ltr'><strong>eodem</strong></span> <span class='ocrx_word' id='word_1_395' title='bbox 602 4415 738 4481; x_wconf 85' lang='lat' dir='ltr'><strong>Hervaeo</strong></span> <span class='ocrx_word' id='word_1_396' title='bbox 753 4415 865 4494; x_wconf 88' lang='lat' dir='ltr'><strong>milite,</strong></span> <span class='ocrx_word' id='word_1_397' title='bbox 881 4441 975 4503; x_wconf 88' lang='lat' dir='ltr'><strong>quem</strong></span> <span class='ocrx_word' id='word_1_398' title='bbox 990 4415 1150 4504; x_wconf 82' lang='lat' dir='ltr'><strong>Gyraldus</strong></span> <span class='ocrx_word' id='word_1_399' title='bbox 1170 4430 1261 4481; x_wconf 86' lang='lat' dir='ltr'><strong>vocat</strong></span> <span class='ocrx_word' id='word_1_400' title='bbox 1275 4416 1378 4481; x_wconf 88' lang='lat' dir='ltr'><strong>virum</strong></span> <span class='ocrx_word' id='word_1_401' title='bbox 1393 4416 1563 4504; x_wconf 89' lang='lat' dir='ltr'><strong>fugitivum</strong></span> <span class='ocrx_word' id='word_1_402' title='bbox 1579 4441 1598 4480; x_wconf 88' lang='lat' dir='ltr'><strong>a</strong></span> 
     </span>
     <span class='ocr_line' id='line_1_44' title="bbox 407 4500 1599 4592; baseline -0.002 -26"><span class='ocrx_word' id='word_1_403' title='bbox 407 4500 485 4566; x_wconf 86' lang='lat' dir='ltr'><strong>sanie</strong></span> <span class='ocrx_word' id='word_1_404' title='bbox 500 4501 642 4580; x_wconf 83' lang='lat' dir='ltr'><strong>fortunae,</strong></span> <span class='ocrx_word' id='word_1_405' title='bbox 668 4501 811 4568; x_wconf 89' lang='lat' dir='ltr'><strong>inermen</strong></span> <span class='ocrx_word' id='word_1_406' title='bbox 825 4517 857 4568; x_wconf 91' lang='lat' dir='ltr'><strong>et</strong></span> <span class='ocrx_word' id='word_1_407' title='bbox 870 4503 1009 4592; x_wconf 89' lang='lat' dir='ltr'><strong>inopem,</strong></span> <span class='ocrx_word' id='word_1_408' title='bbox 1035 4505 1109 4570; x_wconf 83' lang='lat' dir='ltr'><strong>clun</strong></span> <span class='ocrx_word' id='word_1_409' title='bbox 1124 4517 1228 4568; x_wconf 85' lang='lat' dir='ltr'><strong>tamen</strong></span> <span class='ocrx_word' id='word_1_410' title='bbox 1243 4515 1323 4568; x_wconf 87' lang='lat' dir='ltr'><strong>esset</strong></span> <span class='ocrx_word' id='word_1_411' title='bbox 1337 4519 1465 4591; x_wconf 86' lang='lat' dir='ltr'><strong>patruus</strong></span> <span class='ocrx_word' id='word_1_412' title='bbox 1477 4501 1599 4566; x_wconf 87' lang='lat' dir='ltr'><strong>comitis</strong></span> 
     </span>
     <span class='ocr_line' id='line_1_45' title="bbox 407 4587 1597 4679; baseline -0.002 -25"><span class='ocrx_word' id='word_1_413' title='bbox 407 4587 558 4654; x_wconf 85' lang='lat' dir='ltr'><strong>Richardi</strong></span> <span class='ocrx_word' id='word_1_414' title='bbox 578 4587 765 4676; x_wconf 83' lang='lat' dir='ltr'><strong>Strangbow</strong></span> <span class='ocrx_word' id='word_1_415' title='bbox 784 4590 920 4678; x_wconf 88' lang='lat' dir='ltr'><strong>supremi</strong></span> <span class='ocrx_word' id='word_1_416' title='bbox 934 4591 969 4655; x_wconf 93' lang='lat' dir='ltr'><strong>in</strong></span> <span class='ocrx_word' id='word_1_417' title='bbox 983 4588 1217 4679; x_wconf 86' lang='lat' dir='ltr'><strong>expugnatione</strong></span> <span class='ocrx_word' id='word_1_418' title='bbox 1233 4589 1366 4656; x_wconf 83' lang='lat' dir='ltr'><strong>Iberniae</strong></span> <span class='ocrx_word' id='word_1_419' title='bbox 1392 4587 1548 4655; x_wconf 87' lang='lat' dir='ltr'><strong>bellatoris</strong></span> <span class='ocrx_word' id='word_1_420' title='bbox 1563 4611 1597 4652; x_wconf 87' lang='lat' dir='ltr'><strong>ac</strong></span> 
     </span>
    </p>
   </div>
   <div class='ocr_carea' id='block_1_5' title="bbox 641 4779 1352 4848">
    <p class='ocr_par' dir='ltr' id='par_1_6' title="bbox 641 4779 1352 4848">
     <span class='ocr_line' id='line_1_46' title="bbox 641 4779 1352 4848; baseline -0.003 -16"><span class='ocrx_word' id='word_1_421' title='bbox 641 4781 656 4810; x_wconf 64' lang='lat'><strong><em>⁴</em></strong></span> <span class='ocrx_word' id='word_1_422' title='bbox 672 4780 732 4832; x_wconf 85' lang='lat' dir='ltr'><strong>Hib.</strong></span> <span class='ocrx_word' id='word_1_423' title='bbox 745 4781 848 4848; x_wconf 78' lang='lat' dir='ltr'><strong>Expug.</strong></span> <span class='ocrx_word' id='word_1_424' title='bbox 861 4782 879 4833; x_wconf 90' lang='lat' dir='ltr'><strong>l.</strong></span> <span class='ocrx_word' id='word_1_425' title='bbox 892 4783 942 4834; x_wconf 77' lang='lat' dir='ltr'><strong>2c.</strong></span> <span class='ocrx_word' id='word_1_426' title='bbox 954 4784 977 4833; x_wconf 76' lang='lat'><strong>4.</strong></span> <span class='ocrx_word' id='word_1_427' title='bbox 1108 4781 1123 4846; x_wconf 87' lang='lat'>†</span> <span class='ocrx_word' id='word_1_428' title='bbox 1140 4780 1198 4832; x_wconf 85' lang='lat' dir='ltr'><strong>lbid</strong></span> <span class='ocrx_word' id='word_1_429' title='bbox 1208 4781 1224 4832; x_wconf 93' lang='lat' dir='ltr'><strong>l.</strong></span> <span class='ocrx_word' id='word_1_430' title='bbox 1237 4781 1262 4842; x_wconf 74' lang='lat'><strong>2,</strong></span> <span class='ocrx_word' id='word_1_431' title='bbox 1276 4795 1299 4833; x_wconf 89' lang='lat' dir='ltr'><strong>c.</strong></span> <span class='ocrx_word' id='word_1_432' title='bbox 1312 4779 1352 4831; x_wconf 77' lang='grc'><strong>28.</strong></span> 
     </span>
    </p>
   </div>
   <div class='ocr_carea' id='block_1_6' title="bbox 0 0 1876 6052">
    <p class='ocr_par' dir='ltr' id='par_1_7' title="bbox 0 0 1876 6052">
     <span class='ocr_line' id='line_1_47' title="bbox 0 0 1876 6052; baseline 0 0"><span class='ocrx_word' id='word_1_433' title='bbox 0 0 1876 6052; x_wconf 95' lang='lat' dir='ltr'><strong> </strong></span> 
     </span>
    </p>
   </div>
  </div>
 </body>
</html>
