3772 6008
784 725 966 774 aronoera
988 723 1059 772 rao
1082 723 1270 772 ernanum.
1435 704 1528 793 [cnr.
1547 724 1616 770 vrrr

903 1615 1003 1681 ΟΑΡ.
1025 1613 1124 1682 VIII.

426 1821 588 1887 Phillippicae
599 1823 653 1875 sive
660 1823 778 1876 Verrine
786 1823 896 1888 Gyraldi
907 1824 1001 1888 aliqua
1011 1823 1040 1874 iu
1050 1837 1229 1887 quoscumque
1238 1824 1284 1887 qui
1291 1823 1354 1876 olim
1360 1823 1479 1878 restitere
1485 1824 1620 1877 conatibus

458 1888 513 1939 sive
524 1889 577 1939 suis
588 1890 644 1941 sire
654 1895 824 1954 cognatorum
835 1903 941 1941 snorum
953 1889 1139 1941 debellantium
1150 1888 1289 1941 Ibemiam.

425 2077 461 2144 A
477 2079 608 2181 judiciis
628 2078 740 2181 meriti>
766 2080 971 2170 repelluntur,
1001 2081 1046 2148 sic
1071 2093 1105 2146 et
1125 2105 1144 2147 a
1165 2080 1334 2182 scriptione
1348 2080 1512 2180 historici,
1529 2091 1621 2147 testes

426 2179 562 2254 suspectr
577 2167 616 2232 de
631 2172 732 2255 gretrd
746 2169 799 2234 vel
820 2167 903 2246 odio,
926 2169 999 2234 cirm
1020 2167 1076 2234 lex
1097 2167 1199 2257 prima
1219 2180 1260 2233 s1t
1280 2167 1427 2246 histonae,
1448 2181 1562 2233 ventes
1583 2192 1620 2234 ac

427 2252 598 2332 sinceritas,
622 2277 717 2340 quam
732 2277 855 2320 servare
868 2252 1023 2344 integram
1037 2253 1072 2319 in
1086 2253 1250 2321 scribendo
1272 2267 1327 2354 aut
1347 2254 1515 2340 loquendo,
1538 2255 1621 2342 sape

426 2350 513 2405 vetat
526 2339 697 2405 vehemens
712 2339 788 2420 odii,
810 2341 862 2407 vel
884 2341 996 2407 amoris
1018 2341 1157 2419 affectus,
1180 2365 1274 2428 quem
1296 2339 1432 2429 vrguisse
1454 2340 1621 2406 vehemen-

425 2437 491 2492 tem
519 2425 555 2491 in
585 2425 735 2514 Gyraldo,
765 2427 878 2493 amoris
907 2452 981 2516 erga
1007 2451 1089 2507 suos,
1118 2427 1286 2494 aversionis
1322 2451 1397 2514 erga
1431 2426 1621 2492 adversarios

426 2535 562 2592 suorum,
578 2513 650 2578 satis
665 2513 843 2593 ostendunt,
859 2538 929 2600 quae
944 2538 987 2580 ex
1001 2513 1069 2603 ipso
1082 2514 1233 2580 hactenus
1254 2512 1475 2601 exscripsimus
1496 2513 1531 2578 in
1552 2536 1621 2614 sep·

425 2610 492 2664 tem
503 2599 750 2699 praecedentibus
761 2600 926 2689 capitibus,
936 2601 1105 2702 praesertim
1115 2600 1151 2666 in
1162 2600 1264 2752 primo
1275 2614 1308 2666 et
1317 2599 1621 2700 septimo;quamvrs

424 2685 550 2752 nonmsi
564 2709 665 2752 unum
679 2699 734 2752 aut
748 2687 881 2753 alterum
896 2688 961 2754 odri
984 2688 1069 2753 illius
1091 2688 1126 2752 in
1148 2688 1234 2766 aios,
1256 2711 1334 2773 quos
1356 2686 1467 2753 acerbe
1487 2699 1619 2752 insecta·

426 2785 488 2852 tur,
504 2773 688 2861 exemplum
702 2773 912 2862 produximus
935 2773 970 2840 in
993 2774 1095 2863 capite
1117 2773 1236 2862 primo3
1257 2774 1349 2862 plura
1370 2797 1439 2859 quae
1461 2773 1622 2839 sufficiunt

426 2858 624 2926 immoderati
640 2859 752 2926 amoris
766 2860 801 2926 in
815 2885 857 2941 se,
872 2885 937 2940 sua,
953 2885 1085 2948 suosque
1099 2860 1135 2925 in
1149 2860 1251 2948 capite
1267 2859 1409 2948 septimo.
1454 2860 1561 2925 Pauca
1575 2883 1619 2925 err

426 2946 534 3011 multis
549 2945 674 3012 indiciis
692 2948 817 3036 exigua
832 2972 895 3013 suae
909 2947 944 3012 in
958 2948 1110 3034 quosdam
1123 2947 1351 3014 benevolentia
1365 2947 1514 3034 exempla
1535 2945 1623 3012 affer-

426 3056 547 3109 remue;
569 3057 639 3118 quac
662 3033 745 3111 sane,
772 3034 798 3099 si
824 3033 893 3099 alie
918 3057 1017 3101 causae
1043 3035 1195 3112 deessent,
1220 3034 1273 3100 vel
1296 3034 1361 3099 sola
1383 3033 1559 3100 sufficerent
1581 3033 1622 3098 ad

426 3117 524 3184 fidem
538 3118 630 3184 dictis
643 3119 853 3206 derogandam
869 3134 901 3186 et
915 3145 1030 3187 nomen
1043 3121 1119 3187 boni
1140 3120 1296 3209 scriptoris
1319 3119 1460 3208 Gyrsldo
1482 3119 1621 3186 auferen-

427 3204 514 3270 dum.
558 3204 632 3271 Non
646 3229 679 3270 re
702 3218 753 3270 eto
767 3207 863 3272 verba
931 3207 1052 3285 errima,
1068 3231 1137 3294 quae
1152 3206 1254 3296 capite
1297 3205 1375 3272 rimo
1396 3205 1556 3306 posuimus
1577 3229 1621 3271 ex

427 3290 494 3370 illo,
509 3291 657 3357 adversus
671 3229 835 3357 ilerveum
850 3231 1016 3360 dffionoe
1038 3293 1183 3374 Matisco,
1205 3231 1360 3382 Angium,
1382 3314 1486 3357 virum
1507 3293 1621 3380 prima·

427 3377 520 3457 rium,
534 3391 571 3443 ut
586 3377 630 3444 ait
645 3377 853 3459 Cambrensia
875 3404 975 3446 uuum
996 3405 1039 3447 ex
1061 3393 1194 3467 quatuor
1213 3380 1355 3468 postibus
1377 3378 1620 3478 expugnationis

428 3464 571 3544 Iberniae,
587 3477 620 3530 et
634 3466 897 3532 constabularium
911 3466 946 3531 in
961 3468 1071 3534 eedem
1093 3466 1290 3556 designatum
1312 3467 1351 3532 ab
1373 3463 1513 3530 Hennco
1534 3488 1618 3554 rege.

429 3550 492 3617 Cui
506 3552 654 3632 Hervaeo,
671 3553 724 3637 (ed
739 3554 825 3654 qubd
845 3553 999 3620 resisteret
1021 3553 1221 3642 Reymundo,
1245 3552 1379 3706 Gpraldi
1401 3551 1505 3640 patrui
1527 3552 1620 3618 Gam-

330 3689 334 3696 .
428 3639 546 3704 breusis
559 3638 666 3719 nostri,
682 3640 828 3717 consiliis,
843 3655 880 3707 ut
893 3665 944 3706 sus
967 3640 1117 3720 icebatur,
1132 3642 1215 3706 bono
1236 3664 1280 3727 pu
1303 3640 1364 3704 lico
1387 3638 1621 3704 adversantibus

428 3737 461 3790 et
478 3725 545 3812 juri
568 3726 681 3813 regio)
706 3751 765 3792 nec
790 3729 927 3816 primum
946 3665 1083 3792 ilenrici
1108 3727 1191 3815 regis
1216 3726 1311 3792 militi
1334 3737 1367 3793 et
1387 3724 1538 3804 ministro,
1560 3749 1621 3791 nec

429 3810 544 3876 deindo
557 3813 640 3878 facto
655 3813 814 3900 penitente
829 3813 882 3902 pio
897 3814 1060 3893 monacho,
1081 3812 1176 3878 militi
1199 3812 1318 3879 Christi
1340 3812 1433 3900 regis,
1455 3835 1621 3900 pepercere

428 3911 586 3964 amentata
600 3899 798 3966 Cambrensis
812 3901 884 3978 tela,
910 3902 1044 3988 utente
1069 3899 1268 3978 ostendimus,
1295 3897 1343 3964 uti
1368 3923 1427 3965 nec
1453 3922 1620 3987 pepercere

428 3983 563 4049 nimilrm
577 3984 735 4051 mordacia
748 3989 843 4053 rerba
859 3989 944 4073 (quae
959 3986 1052 4053 etiam
1068 3987 1179 4053 eodem
1194 3986 1296 4075 capite
1317 3985 1419 4074 primd
1441 3985 1620 4074 retulimus)

428 4071 580 4156 ejusdem,
598 4072 746 4138 adversus
762 4073 972 4139 Christianam
986 4073 1169 4140 lbernorum
1184 4086 1322 4160 gentem,
1359 4095 1407 4137 uae
1429 4072 1622 4160 temporibus

430 4157 536 4223 Caroli
550 4157 666 4246 magni,
682 4173 737 4224 aut
751 4159 906 4227 Ludovici
921 4161 988 4260 ejus
1003 4159 1072 4238 filii,
1083 4159 1316 4227 memorabilem
1326 4097 1467 4226 ediderat
1477 4173 1621 4248 stragem,

430 4257 463 4310 et
484 4269 501 4310 e
523 4243 639 4310 finibus
660 4245 793 4310 Iberniae
816 4259 1079 4312 extermrnaverat
1106 4246 1350 4313 innumerabiles
1371 4244 1544 4333 Norwegos
1566 4269 1621 4311 seu

429 4331 626 4397 Normannos
650 4331 802 4412 ethnicos,
826 4335 881 4419 qui
907 4333 979 4399 odio
1007 4331 1176 4400 Christiani
1199 4333 1346 4412 nominis,
1370 4332 1514 4398 ecclesias
1539 4333 1622 4419 pene

428 4417 580 4482 universa
596 4417 730 4484 Iberniae
754 4420 980 4498 destruxerant,
1006 4433 1037 4485 et
1060 4420 1119 4485 sub
1140 4421 1266 4508 jugum,
1290 4443 1347 4508 per
1372 4419 1492 4504 aliquot
1514 4441 1621 4496 annos,

428 4505 576 4570 miserant
589 4505 730 4592 ejusdem
750 4505 877 4586 incolas,
900 4505 1041 4572 addictos
1065 4506 1200 4572 Christo.
1247 4507 1320 4588 Qud
1341 4505 1505 4571 vorborum
1530 4503 1621 4568 Cam-

428 4591 549 4658 brensis
577 4591 743 4658 acerbitate
773 4593 872 4658 nimie
899 4593 934 4658 in
963 4593 1135 4658 Hervaeum
1165 4605 1198 4658 et
1226 4592 1363 4670 Ibernos,
1393 4603 1496 4655 motus
1521 4589 1622 4654 firerat

430 4677 608 4746 Richardus
633 4679 857 4758 Stanihurstus‚
892 4679 968 4746 olim
1001 4678 1167 4746 admirator
1192 4691 1225 4744 et
1248 4679 1390 4745 laudator
1415 4675 1560 4777 Gpraldi,
1585 4688 1622 4740 ut

429 4765 617 4832 contrarium
639 4765 679 4832 de
700 4766 767 4854 ipso
790 4777 897 4854 postea
917 4764 1095 4854 conceperit
1116 4765 1307 4855 opinionem,
1330 4778 1362 4832 ct
1382 4765 1495 4830 merrtb
1517 4763 1621 4851 ipsum
