3736 6054
430 784 455 850 ii
899 801 1151 852 ruruonuerro.

428 981 635 1046 quacumque
659 959 801 1026 invenire
829 971 1004 1046 potuerant,
1031 959 1115 1024 illius
1142 981 1236 1046 opera
1264 968 1371 1023 vetera
1398 957 1627 1044 produxerunt,

430 1045 515 1110 edito
531 1046 712 1112 eorumdem
728 1046 822 1134 longo
836 1047 987 1134 catalogo,
1002 1047 1058 1112 ubi
1079 1047 1162 1111 inter
1185 1044 1259 1112 alias
1280 1043 1463 1110 damnandas
1485 1044 1629 1109 lectionis

431 1130 527 1197 libros
556 1133 758 1198 nominantur
786 1145 929 1220 quatuor,
956 1155 1034 1219 quos
1057 1131 1181 1220 scripsit
1208 1131 1242 1195 in
1266 1131 1475 1196 defensionem
1502 1154 1628 1196 suomm

429 1230 571 1283 veterum
581 1220 827 1308 magorum,sive
837 1219 998 1286 Pithonici
1007 1219 1134 1308 spiritus
1144 1217 1272 1284 Merlini
1279 1217 1628 1296 Caledonii,etMerlini

429 1303 601 1370 Ambrosii.
647 1306 779 1394 Scripsit
799 1306 914 1373 librum
935 1331 1035 1371 unum
1056 1306 1095 1371 de
1118 1304 1267 1392 nequitiis
1289 1317 1324 1371 ut
1345 1303 1496 1390 loquitur,
1518 1303 1627 1368 Mona·

428 1390 561 1456 chorum
577 1391 790 1458 cisterciensis
805 1393 939 1471 ordinis;
962 1393 1078 1459 librum
1090 1393 1196 1471 alium,
1212 1416 1306 1478 quem
1321 1391 1406 1460 dixit
1421 1389 1626 1489 “Speculum

429 1476 608 1556 Ecclesiae,”
616 1480 672 1544 ubi
681 1479 836 1546 horrenda
846 1480 885 1545 de
895 1479 1036 1568 plurimis
1046 1479 1136 1545 bonis
1143 1478 1313 1578 praesertim
1322 1476 1536 1544 ecclesiasticis
1546 1476 1629 1542 mala

428 1563 524 1630 refert
537 1579 570 1630 et
584 1565 645 1631 alia
659 1591 729 1654 quae
743 1591 816 1632 cum
832 1577 851 1606 “
863 1567 1014 1666 Speculo''
1034 1567 1167 1632 flammis
1187 1565 1268 1630 tradi
1282 1564 1480 1652 potiusquam
1494 1562 1559 1650 legi
1574 1575 1628 1628 aut

427 1650 531 1718 audiri
547 1666 713 1720 merentur.
744 1653 851 1740 Hujus
863 1651 1048 1719 SrlvestriG
1088 1652 1151 1717 aldi
1162 1652 1387 1729 auctoritatem,
1399 1651 1504 1729 fidem,
1514 1651 1629 1738 scripta

428 1737 613 1826 suspiciunt,
635 1751 668 1806 et
689 1740 886 1840 amplissimis
906 1740 1010 1805 verbis
1054 1739 1251 1827 epraedicant,
1273 1763 1338 1803 non
1359 1737 1453 1802 modb
1475 1737 1628 1802 nominati

429 1824 579 1903 haeretiei,
595 1827 650 1892 sed
664 1839 696 1892 et
709 1827 763 1892 ahi
778 1827 918 1914 ejusdem
934 1825 1051 1892 ordinis
1066 1840 1159 1912 atque
1174 1827 1283 1904 tribus,
1300 1848 1432 1912 quorum
1447 1822 1530 1888 inter
1614 1861 1627 1874 ·

427 1911 549 1998 cipuos,
571 1913 686 2000 primas
715 1914 811 1980 habet
835 1913 994 2014 popularis
1017 1925 1050 1978 et
1085 1912 1253 1978 admirator
1278 1911 1422 2012 Gpmldi
1449 1848 1627 1976 Gulielinus

431 1997 610 2066 Oamdenus
626 1999 817 2080 Calvinista3
840 2025 895 2088 qur
909 2003 982 2065 clim
996 2000 1139 2066 mordere
1154 2011 1187 2065 et
1200 1999 1386 2064 maledicere
1405 1998 1503 2085 eupit,
1517 2010 1554 2062 ut
1568 1997 1627 2063 fre·

451 2097 560 2152 uenter
580 2087 656 2152 facit
676 2087 711 2152 in
732 2087 795 2152 suis
817 2086 914 2165 libris,
936 2087 1061 2174 phrases
1082 2099 1114 2152 et
1135 2087 1243 2188 longas
1264 2085 1406 2174 periodos
1427 2095 1588 2150 mutuatur
1609 2107 1628 2150 a

462 2172 572 2259 yraldo
594 2173 759 2262 Magistro,
781 2174 871 2260 eujus
893 2187 926 2239 et
948 2173 1068 2259 aliquot
1088 2197 1158 2274 quae
1185 2185 1268 2238 rnter
1288 2170 1460 2261 insigniora
1480 2183 1626 2250 resenset,

429 2281 449 2323 o
473 2282 525 2324 era
539 2257 657 2346 primus
672 2259 843 2326 omniumt
887 2259 914 2325 is
929 2259 1079 2337 mandari,
1102 2259 1188 2325 rdem
1211 2259 1391 2324 Oamdenus
1412 2258 1533 2324 curarit
1554 2281 1627 2323 cum

428 2281 507 2424 adis,
537 2369 637 2434 nuper
665 2345 814 2411 nimirum
873 2346 1051 2425 raneofurti,
1082 2369 1163 2411 anno
1191 2345 1299 2412 salutis
1331 2347 1427 2427 1602,
1487 2355 1507 2386 “
1521 2344 1626 2432 Topo-

483 2431 618 2520 phiam,”
649 2431 841 2514 “Ibemiae,”
872 2446 905 2499 et
928 2433 1254 2521 “Expugnationem”
1281 2433 1421 2519 ejusdem
1444 2431 1558 2498 factam
1586 2431 1627 2496 ab

427 2453 570 2584 ilderico
579 2519 624 2584 ΙΙ.
635 2543 670 2585 re
693 2519 906 2608 eAnglorum,
919 2529 938 2559 “
946 2519 1145 2585 Itinerarium
1157 2519 1340 2598 Cambriae,”
1349 2527 1369 2558 “
1377 2519 1627 2608 Descriptionem

428 2545 801 2684 Gambriaemivelll'alliae
812 2605 1481 2695 provinciae”ininsultMagnltBritanniet.
1510 2605 1627 2692 Inqui-

425 2692 484 2757 bus
500 2691 634 2780 Gyraldi
647 2692 862 2782 topographis
876 2705 909 2760 et
922 2691 1165 2782 expugnationis
1180 2693 1326 2782 operibus
1340 2717 1358 2758 a
1373 2692 1536 2758 Oamdeno
1557 2715 1626 2781 per·

426 2779 563 2868 vulgatis
587 2780 635 2868 (et
655 2803 674 2847 a
694 2803 745 2846 me
767 2780 872 2867 quoad
885 2779 1046 2881 potissima
1059 2781 1182 2845 tanthm
1198 2779 1301 2868 capita
1315 2803 1434 2858 eorum,
1449 2779 1483 2844 si‘
1617 2827 1626 2858 ,

426 2866 535 2954 paucis
556 2867 727 2934 universim
743 2891 779 2933 ao
799 2868 963 2956 perspicue
984 2866 1155 2933 refutandis
1175 2866 1210 2932 in
1231 2866 1365 2955 gratiam
1387 2801 1627 2932 Catholidislend·

427 2953 515 3032 toris,
527 2965 581 3018 aut
594 2953 720 3020 alterius
734 2953 833 3041 cujus,
848 2955 940 3020 bouae
954 2954 1077 3033 mentis,
1094 2953 1194 3018 avida
1208 2953 1348 3020 veritatis
1362 2965 1395 3019 et
1408 2977 1449 3019 cu
1470 2953 1531 3018 idae
1546 2975 1627 3018 scor·

426 3037 510 3127 piaei
524 3039 590 3106 sive
606 3039 852 3129 alexipharmaci
867 3041 1013 3107 adversus
1028 3039 1209 3129 gravissime
1223 3040 1336 3106 noxios
1358 3039 1398 3106 de
1418 2977 1511 3106 rebus
1531 3040 1627 3106 variis

428 3149 547 3192 errores
575 3125 737 3214 plurimos,
768 3140 800 3194 et
825 3151 889 3194 non
913 3127 1076 3216 pauciores
1103 3149 1222 3193 morsus
1246 3137 1416 3192 venenatos
1439 3126 1626 3192 famosarum
1713 3175 1718 3184 .

401 3281 404 3296 1
428 3212 621 3299 chartarum)
639 3235 744 3279 nmvos
759 3213 846 3278 haud
860 3237 976 3303 paucos
991 3214 1090 3280 lector
1102 3213 1278 3302 perspiciet.
1323 3213 1426 3280 Nemo
1440 3227 1488 3279 est
1507 3213 1628 3280 modes·

427 3298 517 3364 tioris
539 3298 662 3378 mentis,
686 3311 740 3365 aut
762 3300 859 3365 animi
882 3299 1050 3378 Catholici,
1073 3299 1128 3386 qui
1150 3300 1203 3366 vel
1219 3299 1368 3366 mediocri
1379 3299 1504 3385 judicio
1518 3301 1626 3388 pollet,

429 3383 485 3470 qui
503 3384 602 3486 paulo
624 3385 772 3452 attentius
793 3385 849 3452 illa
862 3385 979 3474 legens,
993 3409 1059 3452 non
1073 3385 1178 3452 statim
1195 3386 1303 3452 videat
1317 3399 1349 3453 et
1359 3387 1474 3476 passim
1485 3389 1628 3453 observet

429 3470 566 3560 plurima
580 3495 650 3559 quae
664 3495 728 3538 non
741 3475 853 3560 parlim
868 3472 1032 3538 detrahant
1046 3472 1157 3538 honori
1173 3473 1253 3551 Dei;
1276 3487 1308 3540 et
1321 3475 1405 3540 bono
1419 3474 1550 3550 nomini,
1563 3476 1628 3540 cul·

429 3557 540 3645 tuique
554 3571 729 3624 sanctorum
740 3559 807 3646 ejus
821 3559 1031 3637 adversentur,
1047 3581 1117 3646 quar
1129 3560 1264 3626 multum
1274 3561 1400 3627 faveant
1410 3561 1628 3649 superstitiosis

431 3657 464 3710 et
483 3644 762 3733 superstitionibus,
779 3670 848 3733 quse
871 3659 962 3712 extra
982 3659 1080 3712 metes
1103 3667 1210 3713 omnes
1233 3647 1404 3726 modestiae,
1429 3647 1570 3714 veritatis
1595 3661 1628 3714 ct

429 3732 566 3798 caritatis
580 3731 764 3812 christiane,
780 3735 899 3812 crebro,
913 3733 1047 3822 prolixe,
1058 3735 1204 3812 studiose,
1215 3732 1430 3822 hyperbolice,
1439 3746 1471 3802 ct
1481 3736 1627 3801 miseran·

431 3819 507 3884 dum
522 3818 557 3884 in
571 3819 701 3885 modum
715 3820 853 3886 lacerent
866 3819 981 3886 famam
995 3821 1121 3899 bonam,
1137 3821 1257 3886 cultum
1272 3821 1444 3886 christiana
1459 3821 1584 3909 pietatis
1594 3833 1628 3886 et

397 3980 399 3986 s
430 3905 591 3994 religionis
617 3906 790 3988 catholicae,
813 3908 928 3973 multos
949 3931 1111 3994 moresque
1140 3931 1205 3973 non
1233 3909 1331 3973 malos
1367 3907 1521 3974 unirersae
1558 3921 1627 3974 tum

431 3991 558 4058 illomm
573 3991 707 4082 Gyraldi
723 4018 821 4080 quum
837 3994 1026 4060 anteriorum
1041 4007 1103 4059 tem
1147 4017 1227 4074 rum,
1240 3994 1426 4060 Christianae
1441 3995 1627 4062 Ibemorum

430 4079 542 4168 gentis,
566 4101 643 4167 quos
664 4081 844 4146 universum
866 4079 911 4147 ait
931 4081 1091 4147 immersos
1107 4019 1205 4170 linge
1228 4081 1406 4168 majoribus,
1436 4081 1627 4162 foedioribus,

430 4165 571 4254 pluribus
587 4167 763 4246 sceleribus,
780 4169 875 4255 qubm
890 4167 965 4234 olim
982 4167 1098 4234 fuerint
1112 4167 1272 4246 Palestini,
1298 4167 1467 4234 Sodomitae
1482 4183 1515 4235 et
1530 4169 1626 4236 Gom·

430 4253 598 4332 morrhitae,
615 4253 711 4343 (nihil
725 4254 844 4344 fingo)2
866 4269 993 4344 gentem
1008 4277 1073 4320 esse
1086 4254 1257 4333 bestialem,
1275 4255 1446 4321 bestialiter
1455 4255 1626 4336 virentem,

430 4339 637 4428 versipellem,
652 4341 892 4430 sanguinariam,
908 4365 951 4408 ex
964 4341 1071 4408 bestiis
1085 4354 1200 4420 natam,
1223 4363 1296 4407 cum
1317 4343 1424 4408 bestiis
1447 4341 1499 4428 (fit
1519 4342 1628 4410 horror

431 4426 567 4505 auribus,
583 4427 682 4494 oeulis
696 4443 729 4494 et
749 4427 890 4512 naribus)
913 4442 1071 4507 coeuntes,
1094 4441 1126 4495 et
1146 4451 1186 4518 pe
1225 4432 1297 4494 etut
1317 4429 1523 4517 plurimorum
1544 4443 1627 4496 retro

431 4514 605 4580 seculorum
621 4514 855 4592 consuetudine,
871 4539 934 4580 non
948 4515 1052 4580 minhs
1065 4538 1138 4581 eum
1153 4514 1180 4579 ei
1218 4539 1269 4581 em
1283 4539 1386 4602 neque
1400 4515 1504 4582 minhs
1518 4519 1627 4584 orebrb
1685 4524 1691 4536 '

431 4602 527 4700 qubm
550 4621 623 4667 cum
645 4601 835 4684 mulieribus,
850 4625 915 4668 sese
940 4603 1189 4668 commiscentes:
1221 4615 1349 4690 gentem
1374 4605 1515 4669 extreme
1539 4605 1627 4669 mali·

430 4705 551 4766 trusam,
567 4685 716 4768 dolosam,
731 4687 894 4778 perfidam,
910 4686 1103 4766 mendacem,
1118 4687 1372 4770 inverecundam,
1387 4691 1626 4778 spurcissimam,

430 4775 598 4864 perjuram,
621 4775 797 4853 informem,
820 4774 927 4841 sacrile
968 4797 1011 4853 m,
1034 4773 1241 4854 deterrimam,
1263 4788 1300 4842 ut
1321 4799 1474 4864 nusquam
1496 4777 1530 4842 in
1551 4779 1627 4842 orbe

430 4875 497 4929 toto
523 4863 662 4952 pejorem
687 4861 832 4952 reperias,
858 4861 932 4926 invo
945 4873 1031 4927 utam
1053 4863 1087 4928 in
1113 4861 1197 4928 omni
1221 4887 1334 4950 genere
1357 4863 1521 4930 vitiorum:
1545 4863 1627 4931 nihil
