3736 6054
388 738 430 804 50
724 749 905 797 Arctoam
920 748 990 796 rso
1007 747 1192 794 araneum.
1443 727 1537 816 [oar.
1553 746 1587 791 v.

391 909 424 976 S.
439 906 622 986 Patritium,
634 905 771 994 viguisse
786 917 819 971 et
832 904 971 970 flonrisse
985 902 1081 969 fidem
1105 925 1141 968 ac
1163 900 1348 989 religionem
1362 900 1586 982 Christianam,

389 1008 482 1081 atque
497 996 594 1060 bonas
614 993 733 1058 litteras
747 993 781 1056 in
796 991 939 1068 Ibernib;
961 991 988 1056 si
1003 991 1126 1056 tantbm
1141 988 1282 1077 excipias
1296 1011 1396 1054 unum
1407 988 1475 1054 ‘ferd
1489 1013 1586 1077 angu-

389 1081 457 1147 lum
484 1081 617 1149 Iberniae
643 1079 866 1166 aquilonarem,
891 1079 1013 1163 inquo
1040 1101 1097 1165 per
1121 1075 1319 1164 septuaginta
1344 1075 1468 1142 circitor
1491 1096 1586 1141 annos

385 1169 513 1254 jacuere
538 1165 660 1266 religio,
688 1166 796 1254 pietas,
822 1165 897 1231 boni
920 1187 1029 1241 mores,
1051 1162 1242 1249 usquedum
1258 1163 1291 1228 S.
1308 1163 1481 1228 Malachiae
1502 1164 1585 1228 circa

391 1278 508 1320 annum
524 1254 632 1320 salutas
649 1255 734 1318 1124
747 1251 845 1341 coepit
858 1265 971 1317 cuncta
984 1250 1150 1338 corrigere,
1165 1261 1203 1314 ut
1216 1251 1342 1315 tandem
1356 1249 1440 1314 fecit.
1486 1249 1585 1316 Dein-

390 1365 452 1428 que
466 1339 640 1406 universim
653 1341 832 1405 monstrabo
847 1337 1001 1424 quidquid
1016 1362 1035 1403 a
1049 1339 1113 1402 400
1128 1350 1184 1402 aut
1204 1336 1338 1424 amplibs
1359 1336 1448 1401 annis
1468 1351 1585 1437 postre-

389 1427 449 1493 mis
464 1427 531 1493 istis
545 1427 580 1492 in
594 1426 721 1492 Ibernit
735 1425 795 1491 fuit
808 1425 875 1490 sive
889 1423 1033 1489 ruditatis
1053 1424 1087 1488 in
1102 1423 1176 1503 fide,
1191 1422 1256 1488 sive
1271 1422 1458 1488 remissionis
1471 1447 1505 1488 m
1520 1423 1585 1512 pie·

389 1527 455 1580 tate
470 1527 502 1580 et
516 1513 635 1580 caeteris
649 1514 741 1579 rebus
755 1511 882 1578 sincerae
896 1510 1067 1600 religionis,
1089 1510 1155 1576 sive
1170 1509 1310 1576 defectds
1323 1510 1357 1574 in
1372 1510 1476 1577 studio
1489 1511 1585 1576 bona-

389 1625 461 1666 rum
475 1601 661 1678 litterarum,
676 1612 780 1666 totum
794 1599 829 1664 id
842 1612 951 1664 natum
966 1610 1059 1684 atque
1074 1598 1249 1685 profectum
1264 1621 1307 1663 ex
1320 1597 1484 1686 tyrannici
1498 1595 1585 1662 inva-

389 1688 486 1766 sione,
509 1687 695 1766 vastatione‚
717 1686 924 1775 occupatione
940 1685 1086 1764 Iberniae‚
1108 1683 1190 1749 sacta
1204 1683 1342 1772 primurn
1363 1683 1446 1750 circa
1468 1707 1584 1749 annum

389 1774 498 1842 salutis
515 1775 600 1840 1170
614 1797 672 1862 per
685 1773 802 1852 fratres,
847 1786 960 1851 amoos,
983 1771 1090 1838 affines
1107 1771 1250 1837 Silvestri
1265 1771 1297 1838 G
1367 1771 1400 1836 di
1415 1770 1585 1837 Gambren-

389 1862 441 1940 sis,
457 1875 490 1928 et
505 1861 591 1940 alios,
615 1860 776 1949 praedones
799 1797 950 1960 plbrimos
974 1858 1029 1944 qui
1044 1857 1107 1922 illis
1122 1881 1187 1924 sese
1213 1883 1268 1946 spe
1304 1857 1382 1936 ucri,
1408 1871 1441 1922 et
1454 1857 1585 1924 ludendi

389 1949 548 2036 sanguinis
564 1949 749 2014 Ibernorum
764 1947 986 2032 adjunxerunt.
1031 1944 1063 2011 G
1119 1944 1208 2010 ldum
1222 1945 1296 2010 verb
1312 1957 1359 2010 tot
1373 1944 1435 2010 suis
1449 1947 1484 2010 in
1499 1945 1584 2011 Iber-

388 2059 445 2101 nos
459 2034 583 2101 famosis
597 2033 713 2099 libellis
728 2045 760 2098 et
774 2032 951 2111 invectivis,
969 2055 1034 2098 non
1048 1969 1136 2096 aliid
1150 2031 1251 2098 videri
1265 2053 1369 2120 agere,
1392 2033 1487 2183 guam
1502 2031 1584 2098 velle

282 2161 290 2168 -
389 2122 494 2188 velare
510 2120 684 2186 Turoioum
705 2118 759 2206 jus
775 2133 869 2206 atque
890 2119 1086 2184 manifestam
1107 2117 1266 2208 injuriam,
1290 2143 1384 2205 quam
1417 2120 1585 2185 bernerum

388 2208 562 2296 priscorum
576 2206 664 2294 genti
676 2229 711 2287 ac
720 2207 832 2306 patriae
846 2206 998 2270 universae
1013 2205 1197 2283 intulerunt,
1210 2205 1350 2292 ejusdem
1363 2205 1497 2306 Gyraldi
1512 2230 1585 2294 cog·

389 2294 455 2360 nati
469 2293 648 2382 praedonem
674 2317 730 2381 qur
745 2292 836 2372 ferro,
858 2291 994 2372 flamma,
1010 2305 1043 2357 et
1056 2297 1142 2357 mera
1157 2291 1338 2357 dominandi
1350 2292 1418 2358 alirs
1440 2293 1583 2371 libidine,

388 2381 476 2446 nulla
489 2379 624 2445 lacessiti
638 2379 764 2466 injuria,
788 2379 957 2458 Ibemiam,
972 2378 1128 2444 intestinis
1142 2379 1276 2445 dissidiis
1298 2379 1460 2446 concitatis
1482 2381 1585 2446 turba·

388 2491 469 2545 rum,
481 2467 644 2532 confestim
658 2466 846 2546 invaserunt,
859 2479 891 2531 et
905 2465 1053 2554 depositis
1064 2478 1157 2552 atque
1172 2465 1311 2554 depulsis
1326 2466 1433 2554 patrias
1447 2466 1584 2555 regibus,

389 2566 488 2620 totam
512 2553 575 2620 feni
601 2556 660 2620 sibi
697 2554 822 2631 rimbm,
838 2553 1037 2641 postmodum
1064 2552 1206 2618 Henrico
1229 2552 1276 2618 ΙΙ.
1300 2553 1480 2641 Anglorum
1505 2553 1583 2641 regi,

388 2642 607 2742 subjugarunt.
652 2577 802 2740 doluisse
815 2654 964 2728 praeterea
977 2639 1165 2740 Gyraldum,
1177 2639 1438 2740 illis'lbernorum
1452 2641 1582 2725 abjectis

388 2728 537 2880 {tl-tt
548 2727 1585 2903 {ll},beffiillliillleiledlssllffielifflssffli

390 2901 588 2981 Christiana,
610 2915 643 2967 et
667 2903 884 2968 reductionem
906 2901 1050 2990 gentium
1071 2901 1274 2967 barbarorum
1296 2901 1336 2966 ad
1357 2901 1585 2967 humanitatem

390 3001 483 3074 atque
506 3002 684 3140 ffipnsrretos
707 3011 825 3066 mores3
856 3011 989 3076 quarum
1014 3001 1047 3054 et
1071 2986 1264 3054 invasionem
1289 2987 1494 3074 justissimam
1519 3013 1585 3056 osse

389 3093 505 3140 cnten
555 3124 563 3137 .
1560 3133 1564 3142 .

409 3099 547 3247 0Neque
561 3161 637 3226 verb
653 3183 704 3226 me
718 3159 850 3250 proinde
872 3173 963 3248 putet
984 3159 1082 3226 lector
1104 3159 1209 3226 animo
1231 3159 1336 3226 minsis
1351 3185 1451 3248 aequo,
1466 3161 1527 3228 ista
1548 3161 1583 3227 in

391 3247 568 3336 Gyraldum
584 3261 638 3313 aut
652 3271 722 3312 suos
736 3247 840 3313 dicere
855 3247 947 3326 velle,
964 3261 1019 3312 aut
1032 3247 1177 3334 iniquum
1195 3271 1246 3313 me
1269 3247 1369 3313 videri
1391 3249 1425 3312 in
1446 3263 1585 3336 posteros

389 3334 456 3400 sive
472 3333 608 3411 illorum,
623 3333 690 3399 sive
704 3333 894 3422 Anglorum,
911 3334 966 3420 qui
981 3334 1076 3400 hodie
1091 3349 1123 3400 et
1139 3360 1158 3400 a
1180 3336 1245 3400 400
1260 3335 1348 3400 annis
1368 3335 1586 3403 inhabitabant

391 3420 589 3520 (jubentibus
614 3421 794 3510 Anglorum
808 3421 945 3508 regibus)
970 3418 1064 3508 longe
1085 3421 1258 3492 maximam
1279 3433 1313 3487 et
1332 3422 1495 3488 meliorem
1516 3447 1586 3512 pon

390 3523 508 3574 taonem
533 3507 677 3584 Iberniae,
702 3531 871 3594 omnesque
893 3509 960 3594 ejus
981 3509 1073 3574 urbes
1094 3531 1131 3574 ac
1152 3521 1260 3596 portam
1281 3508 1482 3597 insigniores;
1511 3533 1584 3576 nam
1616 3577 1619 3582 ,

390 3619 450 3682 ego
465 3594 520 3681 qui
535 3595 603 3660 haec
617 3595 719 3662 scribo
733 3618 804 3662 sum
819 3609 909 3661 natus
924 3595 1065 3674 Ibernus,
1079 3619 1145 3661 non
1159 3620 1202 3661 ex
1217 3595 1347 3684 posteris
1357 3597 1483 3662 illorum
1500 3598 1586 3664 Iber·

389 3681 1181 3858 {titttthtlttllgelttltltttltt
1193 3683 1583 3855 Pffiiu‘nidiiidli'

1127 3825 1130 3832 .
1185 3818 1192 3848 ,
1576 3820 1585 3838 .

389 3878 489 4006 2,th
491 3859 583 4008 {321
608 3857 850 4010 &that
872 3856 1586 4029 ehltttlffiblldhdtll

389 4051 499 4094 revera
520 4029 704 4096 lbernorum
726 4030 909 4119 priscorum,
933 4030 1047 4117 quibus
1069 4053 1142 4096 eum
1163 4030 1243 4095 mihi
1265 4043 1297 4096 et
1318 4032 1488 4118 majoribus
1510 4034 1588 4099 meis

390 4128 437 4180 est
450 4115 552 4203 patrie
572 4118 746 4182 communis
768 4117 807 4183 ab
829 4117 917 4185 annis
938 4116 1062 4184 circiter
1082 4119 1155 4184 440.
1201 4117 1295 4184 Mens
1319 4117 1397 4184 item
1419 4131 1467 4186 est
1489 4119 1588 4185 mani·

389 4201 501 4267 festare
515 4201 611 4268 malas
625 4217 705 4270 artes
720 4204 854 4293 Gyraldi
868 4201 1089 4293 supprimentis
1100 4227 1184 4282 vera,
1196 4204 1402 4292 exprimentis
1412 4206 1586 4284 mendacia,

414 4313 462 4352 aas
476 4311 541 4355 non
555 4288 700 4358 debebat.
758 4290 847 4357 Dum
861 4297 935 4357 verb
950 4305 1109 4380 tyrannos,
1124 4291 1293 4370 invasores,
1311 4291 1435 4379 iniquos
1457 4304 1489 4359 et
1510 4315 1586 4380 prae·

390 4313 488 4440 dones
502 4376 627 4464 appello
642 4377 760 4454 fratres,
776 4393 911 4465 patruos,
927 4403 965 4446 co
1009 4391 1083 4458 atos,
1099 4378 1206 4444 affines
1222 4378 1366 4466 Gyraldi,
1382 4393 1415 4444 et
1428 4379 1514 4456 alios,
1530 4377 1586 4464 qui

389 4461 454 4526 illis
468 4461 660 4529 adhaeserant
672 4463 708 4529 in
723 4403 1111 4554 expugnationegiurciet
1133 4464 1277 4544 Ibernio,
1304 4465 1344 4530 de
1365 4465 1429 4530 illis
1450 4478 1587 4531 tantum·

390 4548 486 4616 modo
515 4549 528 4614 l
569 4574 636 4628 uor,
676 4551 733 4637 qui
761 4552 855 4640 primi
884 4553 1041 4619 irruerunt
1069 4551 1104 4616 in
1134 4551 1291 4618 Ibemiam
1328 4549 1411 4617 circa
1446 4565 1588 4640 tempora

390 4635 538 4726 martyrii·
586 4635 742 4704 .Th0mae
769 4637 1001 4706 Oanmariensis
1027 4637 1262 4738 archiepiscopi,
1286 4662 1360 4704 nam
1385 4639 1426 4706 de
1448 4640 1587 4728 ipsorum

390 4722 511 4810 aliquot
524 4724 664 4812 posteris,
679 4724 735 4812 qui
749 4725 921 4793 etiamnum
936 4727 976 4793 ab
989 4725 1053 4791 illis
1067 4749 1156 4791 annis
1170 4739 1243 4790 sunt
1263 4725 1420 4826 indigenae
1442 4725 1588 4806 Ibernia,

390 4822 474 4876 utet
489 4810 528 4877 de
550 4811 683 4900 posteris
704 4812 884 4901 Anglorum
905 4814 1021 4903 quibus
1044 4811 1202 4878 Henricus
1218 4812 1261 4879 ΙΙ.
1280 4818 1453 4902 assrgnbrat
1473 4837 1588 4904 posses·
