<?xml version="1.0" encoding="UTF-8"?>
<!DOCTYPE html PUBLIC "-//W3C//DTD XHTML 1.0 Transitional//EN"
    "http://www.w3.org/TR/xhtml1/DTD/xhtml1-transitional.dtd">
<html xmlns="http://www.w3.org/1999/xhtml" xml:lang="en" lang="en">
 <head>
  <title>
</title>
<meta http-equiv="Content-Type" content="text/html;charset=utf-8" />
  <meta name='ocr-system' content='tesseract 3.04.00' />
  <meta name='ocr-capabilities' content='ocr_page ocr_carea ocr_par ocr_line ocrx_word'/>
</head>
<body>
  <div class='ocr_page' id='page_1' title='image "apologiaprohibe00kellgoog_0056.png"; bbox 0 0 3736 6054; ppageno 0'>
   <div class='ocr_carea' id='block_1_1' title="bbox 215 747 1537 4662">
    <p class='ocr_par' dir='ltr' id='par_1_1' title="bbox 254 747 1457 2575">
     <span class='ocr_line' id='line_1_1' title="bbox 264 747 1454 837; baseline 0.003 -25"><span class='ocrx_word' id='word_1_1' title='bbox 264 765 341 812; x_wconf 78' lang='lat' dir='ltr'>car.</span> <span class='ocrx_word' id='word_1_2' title='bbox 357 747 421 837; x_wconf 75' lang='lat' dir='ltr'>ru]</span> <span class='ocrx_word' id='word_1_3' title='bbox 612 765 793 813; x_wconf 76' lang='lat' dir='ltr'>arctoam</span> <span class='ocrx_word' id='word_1_4' title='bbox 814 767 886 814; x_wconf 79' lang='lat' dir='ltr'>rao</span> <span class='ocrx_word' id='word_1_5' title='bbox 908 767 1094 814; x_wconf 76' lang='lat' dir='ltr'>ursanum.</span> <span class='ocrx_word' id='word_1_6' title='bbox 1412 754 1454 816; x_wconf 77' lang='lat'>27</span> 
     </span>
     <span class='ocr_line' id='line_1_2' title="bbox 262 918 1456 1008; baseline 0.005 -22"><span class='ocrx_word' id='word_1_7' title='bbox 262 922 302 986; x_wconf 91' lang='lat' dir='ltr'>de</span> <span class='ocrx_word' id='word_1_8' title='bbox 313 921 446 999; x_wconf 86' lang='lat' dir='ltr'>Ibernis,</span> <span class='ocrx_word' id='word_1_9' title='bbox 458 921 488 986; x_wconf 92' lang='lat' dir='ltr'>le</span> <span class='ocrx_word' id='word_1_10' title='bbox 513 921 519 933; x_wconf 91' lang='lat'>&#39;</span> <span class='ocrx_word' id='word_1_11' title='bbox 539 919 563 984; x_wconf 90' lang='lat' dir='ltr'>ti</span> <span class='ocrx_word' id='word_1_12' title='bbox 577 918 626 984; x_wconf 89' lang='lat' dir='ltr'>his</span> <span class='ocrx_word' id='word_1_13' title='bbox 640 920 758 987; x_wconf 85' lang='lat' dir='ltr'>verbis:</span> <span class='ocrx_word' id='word_1_14' title='bbox 783 921 932 988; x_wconf 84' lang='lat' dir='ltr'>“Gentes</span> <span class='ocrx_word' id='word_1_15' title='bbox 949 923 1123 1002; x_wconf 82' lang='lat' dir='ltr'><strong>Scotorum,</strong></span> <span class='ocrx_word' id='word_1_16' title='bbox 1139 923 1257 1008; x_wconf 86' lang='lat' dir='ltr'>quaein</span> <span class='ocrx_word' id='word_1_17' title='bbox 1272 925 1456 992; x_wconf 77' lang='lat' dir='ltr'>australibus</span> 
     </span>
     <span class='ocr_line' id='line_1_3' title="bbox 262 944 1457 1096; baseline 0.004 -24"><span class='ocrx_word' id='word_1_18' title='bbox 262 1007 396 1074; x_wconf 85' lang='lat' dir='ltr'>Iberniae</span> <span class='ocrx_word' id='word_1_19' title='bbox 415 944 555 1096; x_wconf 72' lang='lat' dir='ltr'>partilids</span> <span class='ocrx_word' id='word_1_20' title='bbox 579 1005 687 1072; x_wconf 84' lang='lat' dir='ltr'>insulae</span> <span class='ocrx_word' id='word_1_21' title='bbox 709 1011 919 1088; x_wconf 85' lang='lat' dir='ltr'>morabantur,</span> <span class='ocrx_word' id='word_1_22' title='bbox 937 1009 1128 1095; x_wconf 88' lang='lat' dir='ltr'>jamdudum</span> <span class='ocrx_word' id='word_1_23' title='bbox 1150 1011 1190 1076; x_wconf 91' lang='lat' dir='ltr'>ad</span> <span class='ocrx_word' id='word_1_24' title='bbox 1212 1010 1457 1077; x_wconf 74' lang='lat' dir='ltr'>admonitionem</span> 
     </span>
     <span class='ocr_line' id='line_1_4' title="bbox 261 1092 1457 1195; baseline 0.006 -36"><span class='ocrx_word' id='word_1_25' title='bbox 261 1094 535 1183; x_wconf 84' lang='lat' dir='ltr'>apostolicaesedis</span> <span class='ocrx_word' id='word_1_26' title='bbox 557 1092 728 1172; x_wconf 87' lang='lat' dir='ltr'>Antistitis,</span> <span class='ocrx_word' id='word_1_27' title='bbox 748 1119 875 1195; x_wconf 89' lang='lat' dir='ltr'>pascam</span> <span class='ocrx_word' id='word_1_28' title='bbox 901 1095 1052 1162; x_wconf 90' lang='lat' dir='ltr'>canonico</span> <span class='ocrx_word' id='word_1_29' title='bbox 1075 1097 1137 1162; x_wconf 84' lang='lat' dir='ltr'>n&#39;tu</span> <span class='ocrx_word' id='word_1_30' title='bbox 1163 1098 1325 1162; x_wconf 87' lang='lat' dir='ltr'>observare</span> <span class='ocrx_word' id='word_1_31' title='bbox 1340 1097 1457 1166; x_wconf 91' lang='lat' dir='ltr'>didice-</span> 
     </span>
     <span class='ocr_line' id='line_1_5' title="bbox 260 1181 1454 1272; baseline 0.005 -26"><span class='ocrx_word' id='word_1_32' title='bbox 260 1181 364 1246; x_wconf 74' lang='lat' dir='ltr'>runt*</span> <span class='ocrx_word' id='word_1_33' title='bbox 419 1181 548 1246; x_wconf 81' lang='lat' dir='ltr'><strong>Exinde</strong></span> <span class='ocrx_word' id='word_1_34' title='bbox 572 1181 629 1267; x_wconf 88' lang='lat' dir='ltr'>(ex</span> <span class='ocrx_word' id='word_1_35' title='bbox 650 1182 787 1261; x_wconf 80' lang='lat' dir='ltr'>Ibemrb,</span> <span class='ocrx_word' id='word_1_36' title='bbox 810 1195 951 1248; x_wconf 86' lang='lat' dir='ltr'>veterum</span> <span class='ocrx_word' id='word_1_37' title='bbox 975 1183 1140 1250; x_wconf 81' lang='lat' dir='ltr'>Scotorum</span> <span class='ocrx_word' id='word_1_38' title='bbox 1161 1184 1264 1249; x_wconf 81' lang='lat' dir='ltr'>insulb</span> <span class='ocrx_word' id='word_1_39' title='bbox 1286 1197 1318 1249; x_wconf 91' lang='lat' dir='ltr'>et</span> <span class='ocrx_word' id='word_1_40' title='bbox 1339 1186 1454 1272; x_wconf 74' lang='lat' dir='ltr'>patrib)</span> 
     </span>
     <span class='ocr_line' id='line_1_6' title="bbox 260 1267 1454 1358; baseline 0.003 -25"><span class='ocrx_word' id='word_1_41' title='bbox 260 1291 382 1356; x_wconf 86' lang='lat' dir='ltr'>coepere</span> <span class='ocrx_word' id='word_1_42' title='bbox 396 1269 511 1356; x_wconf 90' lang='lat' dir='ltr'>plures,</span> <span class='ocrx_word' id='word_1_43' title='bbox 534 1291 589 1356; x_wconf 91' lang='lat' dir='ltr'>per</span> <span class='ocrx_word' id='word_1_44' title='bbox 611 1267 677 1333; x_wconf 90' lang='lat' dir='ltr'>dies</span> <span class='ocrx_word' id='word_1_45' title='bbox 700 1268 739 1333; x_wconf 94' lang='lat' dir='ltr'>de</span> <span class='ocrx_word' id='word_1_46' title='bbox 756 1269 919 1334; x_wconf 79' lang='lat' dir='ltr'><strong>Scotorum</strong></span> <span class='ocrx_word' id='word_1_47' title='bbox 934 1270 1062 1358; x_wconf 83' lang='lat' dir='ltr'><strong>regione</strong></span> <span class='ocrx_word' id='word_1_48' title='bbox 1077 1271 1184 1336; x_wconf 87' lang='lat' dir='ltr'>venire</span> <span class='ocrx_word' id='word_1_49' title='bbox 1200 1271 1234 1336; x_wconf 92' lang='lat' dir='ltr'>in</span> <span class='ocrx_word' id='word_1_50' title='bbox 1249 1271 1454 1352; x_wconf 78' lang='lat' dir='ltr'>Britanniam,</span> 
     </span>
     <span class='ocr_line' id='line_1_7' title="bbox 259 1353 1456 1446; baseline 0.005 -28"><span class='ocrx_word' id='word_1_51' title='bbox 259 1368 392 1422; x_wconf 83' lang='lat' dir='ltr'>vocante</span> <span class='ocrx_word' id='word_1_52' title='bbox 408 1354 567 1432; x_wconf 81' lang='lat' dir='ltr'>Oswaldo,</span> <span class='ocrx_word' id='word_1_53' title='bbox 584 1367 676 1440; x_wconf 88' lang='lat' dir='ltr'>atque</span> <span class='ocrx_word' id='word_1_54' title='bbox 698 1353 760 1419; x_wconf 91' lang='lat' dir='ltr'>illis</span> <span class='ocrx_word' id='word_1_55' title='bbox 782 1355 962 1443; x_wconf 88' lang='lat' dir='ltr'>Anglorum</span> <span class='ocrx_word' id='word_1_56' title='bbox 984 1358 1153 1444; x_wconf 86' lang='lat' dir='ltr'>provinciis</span> <span class='ocrx_word' id='word_1_57' title='bbox 1175 1357 1289 1444; x_wconf 90' lang='lat' dir='ltr'>quibus</span> <span class='ocrx_word' id='word_1_58' title='bbox 1311 1359 1456 1446; x_wconf 87' lang='lat' dir='ltr'>regnavit</span> 
     </span>
     <span class='ocr_line' id='line_1_8' title="bbox 259 1441 1453 1529; baseline 0.004 -24"><span class='ocrx_word' id='word_1_59' title='bbox 259 1465 317 1506; x_wconf 87' lang='lat' dir='ltr'>rex</span> <span class='ocrx_word' id='word_1_60' title='bbox 349 1441 524 1519; x_wconf 83' lang='lat' dir='ltr'>Oswaldus,</span> <span class='ocrx_word' id='word_1_61' title='bbox 553 1446 667 1528; x_wconf 78' lang='lat' dir='ltr'>mageb</span> <span class='ocrx_word' id='word_1_62' title='bbox 697 1441 864 1508; x_wconf 87' lang='lat' dir='ltr'>devotione</span> <span class='ocrx_word' id='word_1_63' title='bbox 893 1444 1026 1508; x_wconf 83' lang='lat' dir='ltr'>verbum</span> <span class='ocrx_word' id='word_1_64' title='bbox 1055 1444 1119 1510; x_wconf 90' lang='lat' dir='ltr'>Dei</span> <span class='ocrx_word' id='word_1_65' title='bbox 1167 1445 1313 1510; x_wconf 83' lang='lat' dir='ltr'>raedieare</span> <span class='ocrx_word' id='word_1_66' title='bbox 1352 1447 1453 1529; x_wconf 79' lang='lat' dir='ltr'>(audi,</span> 
     </span>
     <span class='ocr_line' id='line_1_9' title="bbox 260 1469 1454 1621; baseline 0.003 -27"><span class='ocrx_word' id='word_1_67' title='bbox 260 1528 410 1615; x_wconf 85' lang='lat' dir='ltr'>Gyralde,</span> <span class='ocrx_word' id='word_1_68' title='bbox 437 1528 567 1594; x_wconf 88' lang='lat' dir='ltr'>Ibernos</span> <span class='ocrx_word' id='word_1_69' title='bbox 583 1551 740 1616; x_wconf 83' lang='lat' dir='ltr'>praecones</span> <span class='ocrx_word' id='word_1_70' title='bbox 755 1529 925 1616; x_wconf 88' lang='lat' dir='ltr'>evangelii)</span> <span class='ocrx_word' id='word_1_71' title='bbox 950 1543 982 1595; x_wconf 91' lang='lat' dir='ltr'>et</span> <span class='ocrx_word' id='word_1_72' title='bbox 1002 1469 1202 1598; x_wconf 65' lang='lat' dir='ltr'>credentibus</span> <span class='ocrx_word' id='word_1_73' title='bbox 1224 1531 1356 1619; x_wconf 88' lang='lat' dir='ltr'>gratiam</span> <span class='ocrx_word' id='word_1_74' title='bbox 1377 1534 1454 1621; x_wconf 93' lang='lat' dir='ltr'>bap·</span> 
     </span>
     <span class='ocr_line' id='line_1_10' title="bbox 257 1614 1453 1704; baseline 0.005 -26"><span class='ocrx_word' id='word_1_75' title='bbox 257 1614 353 1692; x_wconf 91' lang='lat' dir='ltr'>tismi,</span> <span class='ocrx_word' id='word_1_76' title='bbox 375 1614 555 1701; x_wconf 82' lang='lat' dir='ltr'>quicunque</span> <span class='ocrx_word' id='word_1_77' title='bbox 577 1628 664 1679; x_wconf 89' lang='lat' dir='ltr'>erant</span> <span class='ocrx_word' id='word_1_78' title='bbox 678 1615 858 1680; x_wconf 88' lang='lat' dir='ltr'>sacerdotali</span> <span class='ocrx_word' id='word_1_79' title='bbox 911 1616 973 1682; x_wconf 89' lang='lat' dir='ltr'>adu</span> <span class='ocrx_word' id='word_1_80' title='bbox 995 1618 1324 1704; x_wconf 78' lang='lat' dir='ltr'>praediti‚ministrare.</span> <span class='ocrx_word' id='word_1_81' title='bbox 1370 1617 1453 1684; x_wconf 85' lang='lat' dir='ltr'>Con-</span> 
     </span>
     <span class='ocr_line' id='line_1_11' title="bbox 255 1641 1452 1789; baseline 0.004 -23"><span class='ocrx_word' id='word_1_82' title='bbox 255 1702 454 1767; x_wconf 88' lang='lat' dir='ltr'>struebantur</span> <span class='ocrx_word' id='word_1_83' title='bbox 468 1701 605 1767; x_wconf 89' lang='lat' dir='ltr'>ecelesiae</span> <span class='ocrx_word' id='word_1_84' title='bbox 628 1726 684 1789; x_wconf 89' lang='lat' dir='ltr'>per</span> <span class='ocrx_word' id='word_1_85' title='bbox 709 1703 786 1781; x_wconf 88' lang='lat' dir='ltr'>loca,</span> <span class='ocrx_word' id='word_1_86' title='bbox 813 1641 1012 1769; x_wconf 67' lang='lat' dir='ltr'>condiebant</span> <span class='ocrx_word' id='word_1_87' title='bbox 1037 1704 1077 1770; x_wconf 91' lang='lat' dir='ltr'>ad</span> <span class='ocrx_word' id='word_1_88' title='bbox 1103 1705 1294 1770; x_wconf 88' lang='lat' dir='ltr'>audiendum</span> <span class='ocrx_word' id='word_1_89' title='bbox 1320 1706 1452 1771; x_wconf 90' lang='lat' dir='ltr'>verbum</span> 
     </span>
     <span class='ocr_line' id='line_1_12' title="bbox 256 1787 1454 1888; baseline 0.006 -37"><span class='ocrx_word' id='word_1_90' title='bbox 256 1787 320 1852; x_wconf 86' lang='lat' dir='ltr'>Dei</span> <span class='ocrx_word' id='word_1_91' title='bbox 334 1789 445 1888; x_wconf 85' lang='lat' dir='ltr'>populi</span> <span class='ocrx_word' id='word_1_92' title='bbox 459 1788 641 1876; x_wconf 77' lang='lat' dir='ltr'>gaudentes,</span> <span class='ocrx_word' id='word_1_93' title='bbox 668 1789 863 1854; x_wconf 89' lang='lat' dir='ltr'>donabantur</span> <span class='ocrx_word' id='word_1_94' title='bbox 876 1813 1006 1856; x_wconf 87' lang='lat' dir='ltr'>munere</span> <span class='ocrx_word' id='word_1_95' title='bbox 1028 1791 1114 1879; x_wconf 88' lang='lat' dir='ltr'>regio</span> <span class='ocrx_word' id='word_1_96' title='bbox 1128 1791 1333 1879; x_wconf 89' lang='lat' dir='ltr'>possessiones</span> <span class='ocrx_word' id='word_1_97' title='bbox 1347 1805 1380 1856; x_wconf 90' lang='lat' dir='ltr'>et</span> <span class='ocrx_word' id='word_1_98' title='bbox 1394 1805 1454 1858; x_wconf 89' lang='lat' dir='ltr'>ter-</span> 
     </span>
     <span class='ocr_line' id='line_1_13' title="bbox 258 1874 1452 1967; baseline 0.004 -28"><span class='ocrx_word' id='word_1_99' title='bbox 258 1874 366 1940; x_wconf 88' lang='lat' dir='ltr'>ritona</span> <span class='ocrx_word' id='word_1_100' title='bbox 380 1875 420 1940; x_wconf 88' lang='lat' dir='ltr'>ad</span> <span class='ocrx_word' id='word_1_101' title='bbox 435 1875 626 1941; x_wconf 86' lang='lat' dir='ltr'>instituenda</span> <span class='ocrx_word' id='word_1_102' title='bbox 640 1876 837 1954; x_wconf 83' lang='lat' dir='ltr'>monasteria,</span> <span class='ocrx_word' id='word_1_103' title='bbox 852 1876 1074 1943; x_wconf 76' lang='lat' dir='ltr'>imbuebantur</span> <span class='ocrx_word' id='word_1_104' title='bbox 1088 1879 1333 1967; x_wconf 70' lang='lat' dir='ltr'>praeceptoribus</span> <span class='ocrx_word' id='word_1_105' title='bbox 1351 1879 1452 1944; x_wconf 86' lang='lat' dir='ltr'>Sectis</span> 
     </span>
     <span class='ocr_line' id='line_1_14' title="bbox 257 1962 1453 2049; baseline 0.004 -23"><span class='ocrx_word' id='word_1_106' title='bbox 257 1962 381 2049; x_wconf 85' lang='lat' dir='ltr'>parvuli</span> <span class='ocrx_word' id='word_1_107' title='bbox 395 1962 585 2048; x_wconf 88' lang='lat' dir='ltr'>Anglorum,</span> <span class='ocrx_word' id='word_1_108' title='bbox 600 1963 663 2027; x_wconf 76' lang='lat' dir='ltr'>unb</span> <span class='ocrx_word' id='word_1_109' title='bbox 678 1986 749 2028; x_wconf 89' lang='lat' dir='ltr'>eum</span> <span class='ocrx_word' id='word_1_110' title='bbox 764 1963 943 2049; x_wconf 81' lang='lat' dir='ltr'>majoribus,</span> <span class='ocrx_word' id='word_1_111' title='bbox 959 1965 1080 2043; x_wconf 89' lang='lat' dir='ltr'>studiis,</span> <span class='ocrx_word' id='word_1_112' title='bbox 1103 1978 1136 2031; x_wconf 88' lang='lat' dir='ltr'>ct</span> <span class='ocrx_word' id='word_1_113' title='bbox 1157 1965 1370 2031; x_wconf 89' lang='lat' dir='ltr'>observatione</span> <span class='ocrx_word' id='word_1_114' title='bbox 1393 1965 1453 2032; x_wconf 88' lang='lat' dir='ltr'>dis·</span> 
     </span>
     <span class='ocr_line' id='line_1_15' title="bbox 257 2048 1453 2140; baseline 0.003 -26"><span class='ocrx_word' id='word_1_115' title='bbox 257 2048 382 2135; x_wconf 87' lang='lat' dir='ltr'>ciplinae</span> <span class='ocrx_word' id='word_1_116' title='bbox 397 2048 556 2137; x_wconf 89' lang='lat' dir='ltr'>regularis,</span> <span class='ocrx_word' id='word_1_117' title='bbox 582 2073 655 2114; x_wconf 90' lang='lat' dir='ltr'>nam</span> <span class='ocrx_word' id='word_1_118' title='bbox 670 2050 816 2115; x_wconf 88' lang='lat' dir='ltr'>monaehi</span> <span class='ocrx_word' id='word_1_119' title='bbox 830 2064 918 2115; x_wconf 88' lang='lat' dir='ltr'>erant</span> <span class='ocrx_word' id='word_1_120' title='bbox 931 2051 1081 2130; x_wconf 74' lang='lat' dir='ltr'>maxime,</span> <span class='ocrx_word' id='word_1_121' title='bbox 1097 2051 1152 2138; x_wconf 92' lang='lat' dir='ltr'>qui</span> <span class='ocrx_word' id='word_1_122' title='bbox 1167 2052 1207 2116; x_wconf 88' lang='lat' dir='ltr'>ad</span> <span class='ocrx_word' id='word_1_123' title='bbox 1217 2052 1453 2140; x_wconf 71' lang='lat' dir='ltr'>praedicandum</span> 
     </span>
     <span class='ocr_line' id='line_1_16' title="bbox 256 2135 1450 2239; baseline 0.006 -41"><span class='ocrx_word' id='word_1_124' title='bbox 256 2148 416 2214; x_wconf 86' lang='lat' dir='ltr'>venerant,</span> <span class='ocrx_word' id='word_1_125' title='bbox 432 2138 507 2201; x_wconf 88' lang='lat' dir='ltr'>etc.&#39;&#39;</span> <span class='ocrx_word' id='word_1_126' title='bbox 537 2135 591 2201; x_wconf 88' lang='lat' dir='ltr'>Tu</span> <span class='ocrx_word' id='word_1_127' title='bbox 605 2137 690 2216; x_wconf 83' lang='lat' dir='ltr'>verb,</span> <span class='ocrx_word' id='word_1_128' title='bbox 706 2136 845 2202; x_wconf 83' lang='lat' dir='ltr'>veritatis</span> <span class='ocrx_word' id='word_1_129' title='bbox 859 2137 1070 2226; x_wconf 87' lang='lat' dir='ltr'>impugnator,</span> <span class='ocrx_word' id='word_1_130' title='bbox 1087 2138 1295 2219; x_wconf 77' lang='lat' dir='ltr'>(lambrensis,</span> <span class='ocrx_word' id='word_1_131' title='bbox 1312 2138 1366 2218; x_wconf 87' lang='lat' dir='ltr'>ais,</span> <span class='ocrx_word' id='word_1_132' title='bbox 1383 2164 1450 2239; x_wconf 86' lang='lat' dir='ltr'>cap.</span> 
     </span>
     <span class='ocr_line' id='line_1_17' title="bbox 256 2222 1452 2309; baseline 0.004 -23"><span class='ocrx_word' id='word_1_133' title='bbox 256 2223 299 2288; x_wconf 79' lang='lat'>28</span> <span class='ocrx_word' id='word_1_134' title='bbox 315 2234 346 2288; x_wconf 90' lang='lat' dir='ltr'>et</span> <span class='ocrx_word' id='word_1_135' title='bbox 361 2225 413 2301; x_wconf 82' lang='lat'>29,</span> <span class='ocrx_word' id='word_1_136' title='bbox 435 2222 536 2288; x_wconf 76' lang='lat' dir='ltr'>tertiae</span> <span class='ocrx_word' id='word_1_137' title='bbox 562 2223 698 2288; x_wconf 67' lang='lat' dir='ltr'>distinm</span> <span class='ocrx_word' id='word_1_138' title='bbox 724 2246 827 2309; x_wconf 89' lang='lat' dir='ltr'>neque</span> <span class='ocrx_word' id='word_1_139' title='bbox 853 2225 982 2290; x_wconf 86' lang='lat' dir='ltr'>Ibernos</span> <span class='ocrx_word' id='word_1_140' title='bbox 1007 2225 1087 2291; x_wconf 90' lang='lat' dir='ltr'>ullos</span> <span class='ocrx_word' id='word_1_141' title='bbox 1111 2225 1255 2292; x_wconf 89' lang='lat' dir='ltr'>adiebus</span> <span class='ocrx_word' id='word_1_142' title='bbox 1277 2226 1452 2292; x_wconf 88' lang='lat' dir='ltr'>S.Pat1it1i</span> 
     </span>
     <span class='ocr_line' id='line_1_18' title="bbox 255 2309 1452 2400; baseline 0.006 -28"><span class='ocrx_word' id='word_1_143' title='bbox 255 2315 381 2374; x_wconf 67' lang='lat' dir='ltr'>vacasse</span> <span class='ocrx_word' id='word_1_144' title='bbox 403 2309 597 2375; x_wconf 88' lang='lat' dir='ltr'>instructioni</span> <span class='ocrx_word' id='word_1_145' title='bbox 613 2323 646 2375; x_wconf 92' lang='lat' dir='ltr'>et</span> <span class='ocrx_word' id='word_1_146' title='bbox 666 2309 880 2398; x_wconf 72' lang='lat' dir='ltr'>predicationi</span> <span class='ocrx_word' id='word_1_147' title='bbox 902 2311 1069 2400; x_wconf 88' lang='lat' dir='ltr'>evangelii,</span> <span class='ocrx_word' id='word_1_148' title='bbox 1092 2311 1155 2390; x_wconf 86' lang='lat' dir='ltr'>vel,</span> <span class='ocrx_word' id='word_1_149' title='bbox 1178 2322 1198 2353; x_wconf 90' lang='lat'>“</span> <span class='ocrx_word' id='word_1_150' title='bbox 1211 2326 1243 2379; x_wconf 90' lang='lat' dir='ltr'>et</span> <span class='ocrx_word' id='word_1_151' title='bbox 1257 2314 1331 2378; x_wconf 80' lang='lat' dir='ltr'>ebra</span> <span class='ocrx_word' id='word_1_152' title='bbox 1345 2337 1452 2379; x_wconf 89' lang='lat' dir='ltr'>omnes</span> 
     </span>
     <span class='ocr_line' id='line_1_19' title="bbox 254 2395 1452 2486; baseline 0.004 -26"><span class='ocrx_word' id='word_1_153' title='bbox 254 2395 319 2460; x_wconf 75' lang='lat' dir='ltr'>fere</span> <span class='ocrx_word' id='word_1_154' title='bbox 334 2395 468 2462; x_wconf 83' lang='lat' dir='ltr'>Iberniae</span> <span class='ocrx_word' id='word_1_155' title='bbox 482 2396 602 2484; x_wconf 88' lang='lat' dir='ltr'>praelati</span> <span class='ocrx_word' id='word_1_156' title='bbox 617 2397 656 2462; x_wconf 91' lang='lat' dir='ltr'>de</span> <span class='ocrx_word' id='word_1_157' title='bbox 670 2397 862 2462; x_wconf 85' lang='lat' dir='ltr'>monasteriis</span> <span class='ocrx_word' id='word_1_158' title='bbox 876 2398 911 2462; x_wconf 92' lang='lat' dir='ltr'>in</span> <span class='ocrx_word' id='word_1_159' title='bbox 925 2399 1043 2464; x_wconf 87' lang='lat' dir='ltr'>clerum</span> <span class='ocrx_word' id='word_1_160' title='bbox 1058 2399 1150 2465; x_wconf 90' lang='lat' dir='ltr'>electi</span> <span class='ocrx_word' id='word_1_161' title='bbox 1164 2412 1247 2478; x_wconf 90' lang='lat' dir='ltr'>sunt,</span> <span class='ocrx_word' id='word_1_162' title='bbox 1258 2415 1332 2486; x_wconf 85' lang='lat' dir='ltr'>&#39;quae</span> <span class='ocrx_word' id='word_1_163' title='bbox 1346 2423 1452 2465; x_wconf 90' lang='lat' dir='ltr'>mona·</span> 
     </span>
     <span class='ocr_line' id='line_1_20' title="bbox 255 2481 1451 2575; baseline 0.003 -27"><span class='ocrx_word' id='word_1_164' title='bbox 255 2481 309 2548; x_wconf 89' lang='lat' dir='ltr'>chi</span> <span class='ocrx_word' id='word_1_165' title='bbox 330 2496 412 2562; x_wconf 89' lang='lat' dir='ltr'>sunt,</span> <span class='ocrx_word' id='word_1_166' title='bbox 435 2485 594 2571; x_wconf 89' lang='lat' dir='ltr'>complent</span> <span class='ocrx_word' id='word_1_167' title='bbox 607 2484 712 2549; x_wconf 90' lang='lat' dir='ltr'>omnia</span> <span class='ocrx_word' id='word_1_168' title='bbox 726 2484 868 2562; x_wconf 73' lang='lat' dir='ltr'>sollicite,</span> <span class='ocrx_word' id='word_1_169' title='bbox 884 2505 954 2572; x_wconf 80' lang='lat' dir='ltr'>quae</span> <span class='ocrx_word' id='word_1_170' title='bbox 968 2489 1043 2551; x_wconf 84' lang='lat' dir='ltr'>verb</span> <span class='ocrx_word' id='word_1_171' title='bbox 1058 2485 1165 2552; x_wconf 89' lang='lat' dir='ltr'>elerici</span> <span class='ocrx_word' id='word_1_172' title='bbox 1180 2488 1231 2553; x_wconf 90' lang='lat' dir='ltr'>vel</span> <span class='ocrx_word' id='word_1_173' title='bbox 1246 2487 1365 2575; x_wconf 85' lang='lat' dir='ltr'>praelati</span> <span class='ocrx_word' id='word_1_174' title='bbox 1383 2487 1451 2574; x_wconf 87' lang='lat' dir='ltr'>(vel</span> 
     </span>
    </p>

    <p class='ocr_par' dir='ltr' id='par_1_2' title="bbox 215 2569 1537 4662">
     <span class='ocr_line' id='line_1_21' title="bbox 277 2569 1452 2661; baseline 0.005 -27"><span class='ocrx_word' id='word_1_175' title='bbox 277 2569 494 2636; x_wconf 86' lang='lat' dir='ltr'>raedicatorum</span> <span class='ocrx_word' id='word_1_176' title='bbox 510 2570 682 2658; x_wconf 84' lang='lat' dir='ltr'>evangelii)</span> <span class='ocrx_word' id='word_1_177' title='bbox 699 2571 941 2659; x_wconf 86' lang='lat' dir='ltr'>praetermittunt</span> <span class='ocrx_word' id='word_1_178' title='bbox 955 2572 1126 2638; x_wconf 82' lang='lat' dir='ltr'>universa.&#39;’</span> <span class='ocrx_word' id='word_1_179' title='bbox 1165 2573 1228 2638; x_wconf 86' lang='lat' dir='ltr'>Sed</span> <span class='ocrx_word' id='word_1_180' title='bbox 1243 2598 1300 2661; x_wconf 89' lang='lat' dir='ltr'>per</span> <span class='ocrx_word' id='word_1_181' title='bbox 1323 2574 1348 2638; x_wconf 84' lang='lat' dir='ltr'>&#39;t</span> <span class='ocrx_word' id='word_1_182' title='bbox 1362 2574 1452 2640; x_wconf 90' lang='lat' dir='ltr'>Beda</span> 
     </span>
     <span class='ocr_line' id='line_1_22' title="bbox 254 2594 1451 2747; baseline 0.003 -26"><span class='ocrx_word' id='word_1_183' title='bbox 254 2594 310 2723; x_wconf 82' lang='lat' dir='ltr'>lib.</span> <span class='ocrx_word' id='word_1_184' title='bbox 334 2659 365 2735; x_wconf 87' lang='lat'>8,</span> <span class='ocrx_word' id='word_1_185' title='bbox 388 2681 455 2745; x_wconf 91' lang='lat' dir='ltr'>cap.</span> <span class='ocrx_word' id='word_1_186' title='bbox 479 2659 531 2735; x_wconf 83' lang='lat'>23,</span> <span class='ocrx_word' id='word_1_187' title='bbox 553 2657 714 2743; x_wconf 90' lang='lat' dir='ltr'>inquiens:</span> <span class='ocrx_word' id='word_1_188' title='bbox 738 2657 853 2722; x_wconf 74' lang='lat' dir='ltr'>“Mira</span> <span class='ocrx_word' id='word_1_189' title='bbox 874 2659 990 2724; x_wconf 82' lang='lat' dir='ltr'>divinae</span> <span class='ocrx_word' id='word_1_190' title='bbox 1012 2672 1133 2725; x_wconf 88' lang='lat' dir='ltr'>constat</span> <span class='ocrx_word' id='word_1_191' title='bbox 1155 2659 1273 2725; x_wconf 89' lang='lat' dir='ltr'>sactum</span> <span class='ocrx_word' id='word_1_192' title='bbox 1294 2599 1451 2747; x_wconf 72' lang='lat' dir='ltr'>dispensa-</span> 
     </span>
     <span class='ocr_line' id='line_1_23' title="bbox 252 2742 1449 2834; baseline 0.002 -26"><span class='ocrx_word' id='word_1_193' title='bbox 252 2743 341 2809; x_wconf 85' lang='lat' dir='ltr'>tione</span> <span class='ocrx_word' id='word_1_194' title='bbox 354 2742 490 2831; x_wconf 87' lang='lat' dir='ltr'>pietatis,</span> <span class='ocrx_word' id='word_1_195' title='bbox 505 2758 542 2808; x_wconf 91' lang='lat' dir='ltr'>ut</span> <span class='ocrx_word' id='word_1_196' title='bbox 556 2743 703 2830; x_wconf 90' lang='lat' dir='ltr'>quoniam</span> <span class='ocrx_word' id='word_1_197' title='bbox 718 2767 795 2832; x_wconf 89' lang='lat' dir='ltr'>gens</span> <span class='ocrx_word' id='word_1_198' title='bbox 808 2744 863 2809; x_wconf 90' lang='lat' dir='ltr'>illa</span> <span class='ocrx_word' id='word_1_199' title='bbox 878 2745 1060 2832; x_wconf 86' lang='lat' dir='ltr'>(Scotorum</span> <span class='ocrx_word' id='word_1_200' title='bbox 1069 2746 1288 2834; x_wconf 82' lang='lat' dir='ltr'>indigenarum</span> <span class='ocrx_word' id='word_1_201' title='bbox 1299 2746 1449 2834; x_wconf 84' lang='lat' dir='ltr'>Iberniae)</span> 
     </span>
     <span class='ocr_line' id='line_1_24' title="bbox 253 2830 1450 2920; baseline 0.005 -26"><span class='ocrx_word' id='word_1_202' title='bbox 253 2853 348 2918; x_wconf 88' lang='lat' dir='ltr'>quam</span> <span class='ocrx_word' id='word_1_203' title='bbox 363 2843 492 2896; x_wconf 88' lang='lat' dir='ltr'>noverat</span> <span class='ocrx_word' id='word_1_204' title='bbox 505 2830 667 2896; x_wconf 88' lang='lat' dir='ltr'>scientiam</span> <span class='ocrx_word' id='word_1_205' title='bbox 682 2831 798 2895; x_wconf 68' lang='lat' dir='ltr'>dimum</span> <span class='ocrx_word' id='word_1_206' title='bbox 820 2832 1017 2920; x_wconf 86' lang='lat' dir='ltr'>cognitionis,</span> <span class='ocrx_word' id='word_1_207' title='bbox 1032 2832 1167 2898; x_wconf 88' lang='lat' dir='ltr'>libenter</span> <span class='ocrx_word' id='word_1_208' title='bbox 1181 2857 1217 2899; x_wconf 85' lang='lat' dir='ltr'>ae</span> <span class='ocrx_word' id='word_1_209' title='bbox 1239 2835 1305 2898; x_wconf 88' lang='lat' dir='ltr'>sine</span> <span class='ocrx_word' id='word_1_210' title='bbox 1327 2833 1450 2900; x_wconf 80' lang='lat' dir='ltr'>invidia</span> 
     </span>
     <span class='ocr_line' id='line_1_25' title="bbox 252 2917 1447 3007; baseline 0.004 -27"><span class='ocrx_word' id='word_1_211' title='bbox 252 2917 378 3005; x_wconf 88' lang='lat' dir='ltr'>populis</span> <span class='ocrx_word' id='word_1_212' title='bbox 403 2917 581 3006; x_wconf 88' lang='lat' dir='ltr'>Anglorum</span> <span class='ocrx_word' id='word_1_213' title='bbox 605 2917 834 2984; x_wconf 87' lang='lat' dir='ltr'>communicare</span> <span class='ocrx_word' id='word_1_214' title='bbox 856 2919 988 2996; x_wconf 81' lang='lat' dir='ltr'>curavit,</span> <span class='ocrx_word' id='word_1_215' title='bbox 1010 2919 1020 2983; x_wconf 93' lang='lat' dir='ltr'>i</span> <span class='ocrx_word' id='word_1_216' title='bbox 1046 2943 1078 2984; x_wconf 91' lang='lat' dir='ltr'>sa</span> <span class='ocrx_word' id='word_1_217' title='bbox 1100 2943 1224 3006; x_wconf 90' lang='lat' dir='ltr'>quoque</span> <span class='ocrx_word' id='word_1_218' title='bbox 1246 2919 1447 3007; x_wconf 88' lang='lat' dir='ltr'>postmodum</span> 
     </span>
     <span class='ocr_line' id='line_1_26' title="bbox 252 2943 1449 3094; baseline 0.004 -27"><span class='ocrx_word' id='word_1_219' title='bbox 252 3027 310 3091; x_wconf 89' lang='lat' dir='ltr'>per</span> <span class='ocrx_word' id='word_1_220' title='bbox 323 3017 450 3092; x_wconf 87' lang='lat' dir='ltr'>gentem</span> <span class='ocrx_word' id='word_1_221' title='bbox 466 3004 645 3092; x_wconf 87' lang='lat' dir='ltr'>Anglorum</span> <span class='ocrx_word' id='word_1_222' title='bbox 662 3008 775 3091; x_wconf 82' lang='lat' dir='ltr'>(sermo</span> <span class='ocrx_word' id='word_1_223' title='bbox 790 3019 855 3070; x_wconf 87' lang='lat' dir='ltr'>erat</span> <span class='ocrx_word' id='word_1_224' title='bbox 870 3006 909 3070; x_wconf 92' lang='lat' dir='ltr'>de</span> <span class='ocrx_word' id='word_1_225' title='bbox 928 3004 959 3071; x_wconf 76' lang='lat' dir='ltr'>S,</span> <span class='ocrx_word' id='word_1_226' title='bbox 977 2943 1117 3094; x_wconf 77' lang='lat' dir='ltr'>Egberto</span> <span class='ocrx_word' id='word_1_227' title='bbox 1131 3006 1241 3094; x_wconf 84' lang='lat' dir='ltr'>Anglo</span> <span class='ocrx_word' id='word_1_228' title='bbox 1263 3006 1298 3071; x_wconf 91' lang='lat' dir='ltr'>in</span> <span class='ocrx_word' id='word_1_229' title='bbox 1320 3007 1449 3074; x_wconf 74' lang='lat' dir='ltr'>Ibernit</span> 
     </span>
     <span class='ocr_line' id='line_1_27' title="bbox 252 3090 1448 3180; baseline 0.004 -25"><span class='ocrx_word' id='word_1_230' title='bbox 252 3091 400 3171; x_wconf 87' lang='lat' dir='ltr'>educato)</span> <span class='ocrx_word' id='word_1_231' title='bbox 416 3090 450 3155; x_wconf 90' lang='lat' dir='ltr'>in</span> <span class='ocrx_word' id='word_1_232' title='bbox 465 3091 509 3157; x_wconf 90' lang='lat' dir='ltr'>eis</span> <span class='ocrx_word' id='word_1_233' title='bbox 524 3093 719 3177; x_wconf 88' lang='lat' dir='ltr'>quotminus</span> <span class='ocrx_word' id='word_1_234' title='bbox 734 3091 885 3156; x_wconf 88' lang='lat' dir='ltr'>habuerat</span> <span class='ocrx_word' id='word_1_235' title='bbox 901 3093 941 3157; x_wconf 88' lang='lat' dir='ltr'>ad</span> <span class='ocrx_word' id='word_1_236' title='bbox 963 3093 1132 3180; x_wconf 84' lang='lat' dir='ltr'>perfectam</span> <span class='ocrx_word' id='word_1_237' title='bbox 1154 3093 1284 3159; x_wconf 85' lang='lat' dir='ltr'>vivendi</span> <span class='ocrx_word' id='word_1_238' title='bbox 1306 3117 1448 3160; x_wconf 89' lang='lat' dir='ltr'>normam</span> 
     </span>
     <span class='ocr_line' id='line_1_28' title="bbox 273 3177 1446 3266; baseline 0.004 -24"><span class='ocrx_word' id='word_1_239' title='bbox 273 3177 454 3243; x_wconf 82' lang='lat' dir='ltr'>erveniret.”</span> <span class='ocrx_word' id='word_1_240' title='bbox 497 3179 620 3265; x_wconf 90' lang='lat' dir='ltr'>Nempe</span> <span class='ocrx_word' id='word_1_241' title='bbox 643 3178 717 3264; x_wconf 87' lang='lat' dir='ltr'>quia</span> <span class='ocrx_word' id='word_1_242' title='bbox 739 3179 776 3242; x_wconf 92' lang='lat' dir='ltr'>B.</span> <span class='ocrx_word' id='word_1_243' title='bbox 800 3179 958 3266; x_wconf 83' lang='lat' dir='ltr'>Egbertus</span> <span class='ocrx_word' id='word_1_244' title='bbox 982 3179 1086 3266; x_wconf 87' lang='lat' dir='ltr'>(cujus</span> <span class='ocrx_word' id='word_1_245' title='bbox 1108 3179 1253 3246; x_wconf 90' lang='lat' dir='ltr'>meminit</span> <span class='ocrx_word' id='word_1_246' title='bbox 1267 3179 1446 3247; x_wconf 88' lang='lat' dir='ltr'>Romanum</span> 
     </span>
     <span class='ocr_line' id='line_1_29' title="bbox 251 3201 1445 3355; baseline 0.004 -27"><span class='ocrx_word' id='word_1_247' title='bbox 251 3201 530 3354; x_wconf 70' lang='lat' dir='ltr'>islartyrologium)</span> <span class='ocrx_word' id='word_1_248' title='bbox 542 3289 640 3330; x_wconf 88' lang='lat' dir='ltr'>unum</span> <span class='ocrx_word' id='word_1_249' title='bbox 652 3289 695 3329; x_wconf 85' lang='lat' dir='ltr'>cx</span> <span class='ocrx_word' id='word_1_250' title='bbox 710 3266 902 3332; x_wconf 87' lang='lat' dir='ltr'>monasteriis</span> <span class='ocrx_word' id='word_1_251' title='bbox 912 3266 1055 3346; x_wconf 87' lang='lat' dir='ltr'>Iberniae,</span> <span class='ocrx_word' id='word_1_252' title='bbox 1071 3268 1156 3353; x_wconf 92' lang='lat' dir='ltr'>quod</span> <span class='ocrx_word' id='word_1_253' title='bbox 1171 3291 1235 3332; x_wconf 90' lang='lat' dir='ltr'>non</span> <span class='ocrx_word' id='word_1_254' title='bbox 1250 3267 1358 3355; x_wconf 88' lang='lat' dir='ltr'>paucis</span> <span class='ocrx_word' id='word_1_255' title='bbox 1373 3282 1445 3334; x_wconf 90' lang='lat' dir='ltr'>ante</span> 
     </span>
     <span class='ocr_line' id='line_1_30' title="bbox 251 3351 1446 3453; baseline 0.005 -38"><span class='ocrx_word' id='word_1_256' title='bbox 251 3352 339 3416; x_wconf 83' lang='lat' dir='ltr'>annis</span> <span class='ocrx_word' id='word_1_257' title='bbox 353 3353 483 3431; x_wconf 85' lang='lat' dir='ltr'>errabat,</span> <span class='ocrx_word' id='word_1_258' title='bbox 499 3352 581 3418; x_wconf 87' lang='lat' dir='ltr'>circa</span> <span class='ocrx_word' id='word_1_259' title='bbox 595 3351 752 3439; x_wconf 89' lang='lat' dir='ltr'>legitimos</span> <span class='ocrx_word' id='word_1_260' title='bbox 767 3353 854 3431; x_wconf 84' lang='lat' dir='ltr'>ritus,</span> <span class='ocrx_word' id='word_1_261' title='bbox 867 3365 899 3419; x_wconf 91' lang='lat' dir='ltr'>et</span> <span class='ocrx_word' id='word_1_262' title='bbox 914 3367 1053 3440; x_wconf 89' lang='lat' dir='ltr'>tempora</span> <span class='ocrx_word' id='word_1_263' title='bbox 1067 3353 1219 3453; x_wconf 84' lang='lat' dir='ltr'>paschalis</span> <span class='ocrx_word' id='word_1_264' title='bbox 1241 3354 1446 3421; x_wconf 84' lang='lat' dir='ltr'>solemnitatis</span> 
     </span>
     <span class='ocr_line' id='line_1_31' title="bbox 252 3437 1446 3529; baseline 0.003 -26"><span class='ocrx_word' id='word_1_265' title='bbox 252 3437 511 3518; x_wconf 82' lang='lat' dir='ltr'>Christianorum,</span> <span class='ocrx_word' id='word_1_266' title='bbox 526 3439 696 3505; x_wconf 87' lang='lat' dir='ltr'>reduxerat</span> <span class='ocrx_word' id='word_1_267' title='bbox 707 3440 746 3504; x_wconf 90' lang='lat' dir='ltr'>ad</span> <span class='ocrx_word' id='word_1_268' title='bbox 761 3453 877 3504; x_wconf 89' lang='lat' dir='ltr'>rectam</span> <span class='ocrx_word' id='word_1_269' title='bbox 900 3441 1128 3506; x_wconf 83' lang='lat' dir='ltr'>observantram</span> <span class='ocrx_word' id='word_1_270' title='bbox 1151 3453 1183 3506; x_wconf 91' lang='lat' dir='ltr'>et</span> <span class='ocrx_word' id='word_1_271' title='bbox 1204 3440 1281 3506; x_wconf 86' lang='lat' dir='ltr'>ritus</span> <span class='ocrx_word' id='word_1_272' title='bbox 1303 3443 1446 3529; x_wconf 86' lang='lat' dir='ltr'>ejusdcm</span> 
     </span>
     <span class='ocr_line' id='line_1_32' title="bbox 251 3525 1445 3617; baseline 0.005 -28"><span class='ocrx_word' id='word_1_273' title='bbox 251 3525 330 3590; x_wconf 85' lang='lat' dir='ltr'>festi.</span> <span class='ocrx_word' id='word_1_274' title='bbox 375 3525 471 3592; x_wconf 88' lang='lat' dir='ltr'>Gesta</span> <span class='ocrx_word' id='word_1_275' title='bbox 484 3526 657 3614; x_wconf 87' lang='lat' dir='ltr'>generatim</span> <span class='ocrx_word' id='word_1_276' title='bbox 671 3527 794 3591; x_wconf 85' lang='lat' dir='ltr'>tantbm</span> <span class='ocrx_word' id='word_1_277' title='bbox 806 3526 889 3592; x_wconf 89' lang='lat' dir='ltr'>dieta</span> <span class='ocrx_word' id='word_1_278' title='bbox 900 3527 941 3592; x_wconf 93' lang='lat' dir='ltr'>de</span> <span class='ocrx_word' id='word_1_279' title='bbox 951 3527 1147 3616; x_wconf 84' lang='lat' dir='ltr'>praeconibus</span> <span class='ocrx_word' id='word_1_280' title='bbox 1158 3527 1314 3616; x_wconf 86' lang='lat' dir='ltr'>evangelii</span> <span class='ocrx_word' id='word_1_281' title='bbox 1325 3528 1445 3617; x_wconf 85' lang='lat' dir='ltr'>priscis,</span> 
     </span>
     <span class='ocr_line' id='line_1_33' title="bbox 251 3611 1444 3701; baseline 0.004 -24"><span class='ocrx_word' id='word_1_282' title='bbox 251 3611 317 3677; x_wconf 86' lang='lat' dir='ltr'>sive</span> <span class='ocrx_word' id='word_1_283' title='bbox 356 3635 445 3698; x_wconf 87' lang='lat' dir='ltr'>quos·</span> <span class='ocrx_word' id='word_1_284' title='bbox 469 3613 555 3700; x_wconf 90' lang='lat' dir='ltr'>apud</span> <span class='ocrx_word' id='word_1_285' title='bbox 589 3637 621 3678; x_wconf 90' lang='lat' dir='ltr'>se</span> <span class='ocrx_word' id='word_1_286' title='bbox 665 3613 804 3691; x_wconf 88' lang='lat' dir='ltr'>retinuit,</span> <span class='ocrx_word' id='word_1_287' title='bbox 849 3614 915 3680; x_wconf 78' lang='lat' dir='ltr'>sive</span> <span class='ocrx_word' id='word_1_288' title='bbox 953 3638 1030 3701; x_wconf 90' lang='lat' dir='ltr'>quos</span> <span class='ocrx_word' id='word_1_289' title='bbox 1067 3615 1108 3680; x_wconf 90' lang='lat' dir='ltr'>ad</span> <span class='ocrx_word' id='word_1_290' title='bbox 1143 3627 1267 3680; x_wconf 87' lang='lat' dir='ltr'>exteras</span> <span class='ocrx_word' id='word_1_291' title='bbox 1302 3615 1444 3684; x_wconf 87' lang='lat' dir='ltr'>nationes</span> 
     </span>
     <span class='ocr_line' id='line_1_34' title="bbox 248 3698 1444 3790; baseline 0.006 -28"><span class='ocrx_word' id='word_1_292' title='bbox 248 3698 374 3764; x_wconf 89' lang='lat' dir='ltr'>miserat</span> <span class='ocrx_word' id='word_1_293' title='bbox 410 3699 486 3764; x_wconf 91' lang='lat' dir='ltr'>olim</span> <span class='ocrx_word' id='word_1_294' title='bbox 523 3699 658 3778; x_wconf 78' lang='lat' dir='ltr'>ibernia,</span> <span class='ocrx_word' id='word_1_295' title='bbox 702 3723 766 3765; x_wconf 88' lang='lat' dir='ltr'>non</span> <span class='ocrx_word' id='word_1_296' title='bbox 803 3699 996 3766; x_wconf 88' lang='lat' dir='ltr'>dissimulare</span> <span class='ocrx_word' id='word_1_297' title='bbox 1033 3701 1178 3780; x_wconf 86' lang='lat' dir='ltr'>debebas,</span> <span class='ocrx_word' id='word_1_298' title='bbox 1224 3701 1374 3790; x_wconf 84' lang='lat' dir='ltr'>Gyralde,</span> <span class='ocrx_word' id='word_1_299' title='bbox 1412 3715 1444 3770; x_wconf 89' lang='lat' dir='ltr'>te</span> 
     </span>
     <span class='ocr_line' id='line_1_35' title="bbox 248 3784 1444 3876; baseline 0.007 -28"><span class='ocrx_word' id='word_1_300' title='bbox 248 3784 363 3851; x_wconf 83' lang='lat' dir='ltr'>vidisse</span> <span class='ocrx_word' id='word_1_301' title='bbox 393 3785 428 3850; x_wconf 90' lang='lat' dir='ltr'>in</span> <span class='ocrx_word' id='word_1_302' title='bbox 456 3787 627 3864; x_wconf 87' lang='lat' dir='ltr'>Bernardo,</span> <span class='ocrx_word' id='word_1_303' title='bbox 650 3786 804 3866; x_wconf 83' lang='lat' dir='ltr'>Mariano,</span> <span class='ocrx_word' id='word_1_304' title='bbox 827 3787 925 3853; x_wconf 78' lang='lat' dir='ltr'>Beda.</span> <span class='ocrx_word' id='word_1_305' title='bbox 970 3788 1129 3876; x_wconf 87' lang='lat' dir='ltr'>Deinceps</span> <span class='ocrx_word' id='word_1_306' title='bbox 1159 3788 1199 3853; x_wconf 87' lang='lat' dir='ltr'>ad</span> <span class='ocrx_word' id='word_1_307' title='bbox 1228 3789 1444 3856; x_wconf 86' lang='lat' dir='ltr'>confusionem</span> 
     </span>
     <span class='ocr_line' id='line_1_36' title="bbox 248 3873 1442 3976; baseline 0.005 -40"><span class='ocrx_word' id='word_1_308' title='bbox 248 3873 352 3960; x_wconf 85' lang='lat' dir='ltr'>gravis</span> <span class='ocrx_word' id='word_1_309' title='bbox 387 3883 449 3937; x_wconf 83' lang='lat' dir='ltr'>tuae</span> <span class='ocrx_word' id='word_1_310' title='bbox 486 3873 650 3939; x_wconf 86' lang='lat' dir='ltr'>calumniae</span> <span class='ocrx_word' id='word_1_311' title='bbox 686 3875 847 3960; x_wconf 88' lang='lat' dir='ltr'>majorem,</span> <span class='ocrx_word' id='word_1_312' title='bbox 874 3874 982 3940; x_wconf 87' lang='lat' dir='ltr'>audire</span> <span class='ocrx_word' id='word_1_313' title='bbox 1017 3887 1049 3940; x_wconf 90' lang='lat' dir='ltr'>te</span> <span class='ocrx_word' id='word_1_314' title='bbox 1083 3887 1205 3976; x_wconf 84' lang='lat' dir='ltr'>oportet</span> <span class='ocrx_word' id='word_1_315' title='bbox 1239 3875 1275 3940; x_wconf 90' lang='lat' dir='ltr'>in</span> <span class='ocrx_word' id='word_1_316' title='bbox 1305 3877 1442 3964; x_wconf 89' lang='lat' dir='ltr'>speciali,</span> 
     </span>
     <span class='ocr_line' id='line_1_37' title="bbox 247 3958 1443 4052; baseline 0.007 -30"><span class='ocrx_word' id='word_1_317' title='bbox 247 3958 376 4024; x_wconf 88' lang='lat' dir='ltr'>nomina</span> <span class='ocrx_word' id='word_1_318' title='bbox 404 3960 610 4046; x_wconf 88' lang='lat' dir='ltr'>quorumdam</span> <span class='ocrx_word' id='word_1_319' title='bbox 641 3983 684 4025; x_wconf 86' lang='lat' dir='ltr'>ex</span> <span class='ocrx_word' id='word_1_320' title='bbox 720 3960 781 4026; x_wconf 86' lang='lat' dir='ltr'>insi</span> <span class='ocrx_word' id='word_1_321' title='bbox 827 3961 943 4027; x_wconf 84' lang='lat' dir='ltr'>&#39;oribus</span> <span class='ocrx_word' id='word_1_322' title='bbox 979 3961 1133 4050; x_wconf 75' lang='lat' dir='ltr'>episcopis</span> <span class='ocrx_word' id='word_1_323' title='bbox 1162 3963 1276 4029; x_wconf 89' lang='lat' dir='ltr'>sanetis</span> <span class='ocrx_word' id='word_1_324' title='bbox 1305 3976 1338 4030; x_wconf 90' lang='lat' dir='ltr'>et</span> <span class='ocrx_word' id='word_1_325' title='bbox 1366 3988 1443 4052; x_wconf 84' lang='lat' dir='ltr'>prae·</span> 
     </span>
     <span class='ocr_line' id='line_1_38' title="bbox 248 3985 1441 4138; baseline 0.005 -28"><span class='ocrx_word' id='word_1_326' title='bbox 248 4045 447 4125; x_wconf 87' lang='lat' dir='ltr'>dicatoribus,</span> <span class='ocrx_word' id='word_1_327' title='bbox 480 4072 557 4133; x_wconf 90' lang='lat' dir='ltr'>quos</span> <span class='ocrx_word' id='word_1_328' title='bbox 589 4057 675 4134; x_wconf 89' lang='lat' dir='ltr'>“per</span> <span class='ocrx_word' id='word_1_329' title='bbox 708 4059 754 4112; x_wconf 89' lang='lat' dir='ltr'>tot</span> <span class='ocrx_word' id='word_1_330' title='bbox 781 3985 839 4113; x_wconf 58' lang='lat' dir='ltr'>dii</span> <span class='ocrx_word' id='word_1_331' title='bbox 869 4071 1019 4113; x_wconf 89' lang='lat' dir='ltr'>annorum</span> <span class='ocrx_word' id='word_1_332' title='bbox 1052 4049 1220 4115; x_wconf 78' lang='lat' dir='ltr'>cmrieula&#39;&#39;</span> <span class='ocrx_word' id='word_1_333' title='bbox 1251 4051 1303 4137; x_wconf 89' lang='lat' dir='ltr'>(ut</span> <span class='ocrx_word' id='word_1_334' title='bbox 1323 4064 1360 4116; x_wconf 91' lang='lat' dir='ltr'>tu</span> <span class='ocrx_word' id='word_1_335' title='bbox 1381 4051 1441 4138; x_wconf 90' lang='lat' dir='ltr'>ais)</span> 
     </span>
     <span class='ocr_line' id='line_1_39' title="bbox 249 4133 1443 4234; baseline 0.003 -36"><span class='ocrx_word' id='word_1_336' title='bbox 249 4156 292 4198; x_wconf 88' lang='lat' dir='ltr'>ex</span> <span class='ocrx_word' id='word_1_337' title='bbox 306 4156 338 4198; x_wconf 90' lang='lat' dir='ltr'>se</span> <span class='ocrx_word' id='word_1_338' title='bbox 353 4133 454 4199; x_wconf 89' lang='lat' dir='ltr'>edidit</span> <span class='ocrx_word' id='word_1_339' title='bbox 468 4134 570 4200; x_wconf 89' lang='lat' dir='ltr'>insula</span> <span class='ocrx_word' id='word_1_340' title='bbox 584 4133 727 4212; x_wconf 87' lang='lat' dir='ltr'>Ibemiae,</span> <span class='ocrx_word' id='word_1_341' title='bbox 742 4147 774 4199; x_wconf 91' lang='lat' dir='ltr'>et</span> <span class='ocrx_word' id='word_1_342' title='bbox 788 4135 902 4223; x_wconf 87' lang='lat' dir='ltr'>partim</span> <span class='ocrx_word' id='word_1_343' title='bbox 917 4135 951 4200; x_wconf 92' lang='lat' dir='ltr'>in</span> <span class='ocrx_word' id='word_1_344' title='bbox 965 4135 1066 4234; x_wconf 75' lang='lat' dir='ltr'>patrib</span> <span class='ocrx_word' id='word_1_345' title='bbox 1080 4152 1303 4218; x_wconf 87' lang='lat' dir='ltr'>remanserunt,</span> <span class='ocrx_word' id='word_1_346' title='bbox 1321 4152 1353 4204; x_wconf 90' lang='lat' dir='ltr'>et</span> <span class='ocrx_word' id='word_1_347' title='bbox 1374 4162 1443 4225; x_wconf 90' lang='lat' dir='ltr'>par-</span> 
     </span>
     <span class='ocr_line' id='line_1_40' title="bbox 248 4219 1443 4312; baseline 0.007 -30"><span class='ocrx_word' id='word_1_348' title='bbox 248 4219 305 4283; x_wconf 91' lang='lat' dir='ltr'>tim</span> <span class='ocrx_word' id='word_1_349' title='bbox 329 4220 441 4307; x_wconf 90' lang='lat' dir='ltr'>procul</span> <span class='ocrx_word' id='word_1_350' title='bbox 466 4223 507 4287; x_wconf 90' lang='lat' dir='ltr'>ad</span> <span class='ocrx_word' id='word_1_351' title='bbox 531 4219 708 4310; x_wconf 86' lang='lat' dir='ltr'>provincias</span> <span class='ocrx_word' id='word_1_352' title='bbox 733 4222 869 4310; x_wconf 76' lang='lat' dir='ltr'>Europae</span> <span class='ocrx_word' id='word_1_353' title='bbox 922 4222 1060 4300; x_wconf 85' lang='lat' dir='ltr'>lurrmas,</span> <span class='ocrx_word' id='word_1_354' title='bbox 1090 4223 1264 4289; x_wconf 89' lang='lat' dir='ltr'>seminandi</span> <span class='ocrx_word' id='word_1_355' title='bbox 1285 4225 1443 4312; x_wconf 87' lang='lat' dir='ltr'>evangelii</span> 
     </span>
     <span class='ocr_line' id='line_1_41' title="bbox 215 4307 1443 4398; baseline 0.007 -29"><span class='ocrx_word' id='word_1_356' title='bbox 215 4311 340 4394; x_wconf 58' lang='lat' dir='ltr'>‚eausa</span> <span class='ocrx_word' id='word_1_357' title='bbox 353 4307 513 4373; x_wconf 80' lang='lat' dir='ltr'>miserrmt.</span> <span class='ocrx_word' id='word_1_358' title='bbox 551 4308 616 4374; x_wconf 89' lang='lat' dir='ltr'>Vel</span> <span class='ocrx_word' id='word_1_359' title='bbox 628 4307 662 4371; x_wconf 91' lang='lat' dir='ltr'>in</span> <span class='ocrx_word' id='word_1_360' title='bbox 673 4307 739 4374; x_wconf 91' lang='lat' dir='ltr'>solo</span> <span class='ocrx_word' id='word_1_361' title='bbox 752 4307 894 4374; x_wconf 87' lang='lat' dir='ltr'>Romano</span> <span class='ocrx_word' id='word_1_362' title='bbox 944 4310 1189 4398; x_wconf 85' lang='lat' dir='ltr'>artyrologioex</span> <span class='ocrx_word' id='word_1_363' title='bbox 1200 4311 1443 4392; x_wconf 83' lang='lat' dir='ltr'>Ibernissanetis</span> 
     </span>
     <span class='ocr_line' id='line_1_42' title="bbox 246 4393 1537 4486; baseline 0.006 -29"><span class='ocrx_word' id='word_1_364' title='bbox 246 4393 501 4480; x_wconf 83' lang='lat' dir='ltr'>praedicatoribus</span> <span class='ocrx_word' id='word_1_365' title='bbox 526 4407 558 4460; x_wconf 90' lang='lat' dir='ltr'>et</span> <span class='ocrx_word' id='word_1_366' title='bbox 580 4394 755 4482; x_wconf 89' lang='lat' dir='ltr'>pastoribus</span> <span class='ocrx_word' id='word_1_367' title='bbox 778 4396 961 4472; x_wconf 87' lang='lat' dir='ltr'>animarum,</span> <span class='ocrx_word' id='word_1_368' title='bbox 977 4396 1130 4485; x_wconf 89' lang='lat' dir='ltr'>episeopis</span> <span class='ocrx_word' id='word_1_369' title='bbox 1154 4397 1269 4486; x_wconf 87' lang='lat' dir='ltr'>partim</span> <span class='ocrx_word' id='word_1_370' title='bbox 1289 4398 1443 4466; x_wconf 80' lang='lat' dir='ltr'>confesso·</span> <span class='ocrx_word' id='word_1_371' title='bbox 1536 4469 1537 4472; x_wconf 8' lang='grc' dir='ltr'><strong>Ἴ</strong></span> 
     </span>
     <span class='ocr_line' id='line_1_43' title="bbox 247 4477 1442 4570; baseline 0.008 -27"><span class='ocrx_word' id='word_1_372' title='bbox 247 4477 344 4559; x_wconf 81' lang='lat' dir='ltr'>ribus,</span> <span class='ocrx_word' id='word_1_373' title='bbox 359 4481 474 4568; x_wconf 88' lang='lat' dir='ltr'>partim</span> <span class='ocrx_word' id='word_1_374' title='bbox 496 4481 693 4568; x_wconf 85' lang='lat' dir='ltr'>martyribus,</span> <span class='ocrx_word' id='word_1_375' title='bbox 717 4481 890 4548; x_wconf 90' lang='lat' dir='ltr'>nominatos</span> <span class='ocrx_word' id='word_1_376' title='bbox 911 4483 1005 4550; x_wconf 89' lang='lat' dir='ltr'>video</span> <span class='ocrx_word' id='word_1_377' title='bbox 1028 4486 1287 4570; x_wconf 67' lang='lat' dir='ltr'>quatuordecem</span> <span class='ocrx_word' id='word_1_378' title='bbox 1311 4487 1442 4553; x_wconf 90' lang='lat' dir='ltr'>totidem</span> 
     </span>
     <span class='ocr_line' id='line_1_44' title="bbox 247 4567 1441 4662; baseline 0.006 -32"><span class='ocrx_word' id='word_1_379' title='bbox 247 4567 343 4631; x_wconf 89' lang='lat' dir='ltr'>etiam</span> <span class='ocrx_word' id='word_1_380' title='bbox 366 4579 421 4632; x_wconf 92' lang='lat' dir='ltr'>aut</span> <span class='ocrx_word' id='word_1_381' title='bbox 445 4569 549 4658; x_wconf 89' lang='lat' dir='ltr'>plures</span> <span class='ocrx_word' id='word_1_382' title='bbox 573 4591 730 4656; x_wconf 89' lang='lat' dir='ltr'>praeeones</span> <span class='ocrx_word' id='word_1_383' title='bbox 754 4569 952 4658; x_wconf 84' lang='lat' dir='ltr'>evangelicos</span> <span class='ocrx_word' id='word_1_384' title='bbox 974 4571 1029 4658; x_wconf 90' lang='lat' dir='ltr'>qui</span> <span class='ocrx_word' id='word_1_385' title='bbox 1054 4595 1118 4640; x_wconf 87' lang='lat' dir='ltr'>non</span> <span class='ocrx_word' id='word_1_386' title='bbox 1144 4573 1271 4639; x_wconf 88' lang='lat' dir='ltr'>fuerunt</span> <span class='ocrx_word' id='word_1_387' title='bbox 1293 4574 1441 4662; x_wconf 89' lang='lat' dir='ltr'>episcopi.</span> 
     </span>
    </p>
   </div>
   <div class='ocr_carea' id='block_1_2' title="bbox 247 4715 1441 4987">
    <p class='ocr_par' dir='ltr' id='par_1_3' title="bbox 247 4715 1441 4987">
     <span class='ocr_line' id='line_1_45' title="bbox 280 4715 1438 4810; baseline 0.004 -17"><span class='ocrx_word' id='word_1_388' title='bbox 280 4715 407 4793; x_wconf 71' lang='lat' dir='ltr'>*aermo&#39;</span> <span class='ocrx_word' id='word_1_389' title='bbox 420 4747 477 4794; x_wconf 73' lang='lat' dir='ltr'>era</span> <span class='ocrx_word' id='word_1_390' title='bbox 495 4743 580 4802; x_wconf 70' lang='lat' dir='ltr'>nese.</span> <span class='ocrx_word' id='word_1_391' title='bbox 594 4743 626 4794; x_wconf 79' lang='lat' dir='ltr'>ee</span> <span class='ocrx_word' id='word_1_392' title='bbox 641 4745 715 4794; x_wconf 78' lang='lat' dir='ltr'>sona</span> <span class='ocrx_word' id='word_1_393' title='bbox 733 4745 856 4804; x_wconf 66' lang='lat' dir='ltr'>moruus,</span> <span class='ocrx_word' id='word_1_394' title='bbox 874 4744 998 4805; x_wconf 69' lang='lat' dir='ltr'>amasne,</span> <span class='ocrx_word' id='word_1_395' title='bbox 1026 4747 1121 4797; x_wconf 73' lang='lat' dir='ltr'>assus</span> <span class='ocrx_word' id='word_1_396' title='bbox 1137 4748 1196 4810; x_wconf 77' lang='lat' dir='ltr'>pm,</span> <span class='ocrx_word' id='word_1_397' title='bbox 1217 4746 1349 4798; x_wconf 64' lang='lat' dir='ltr'>aaronem</span> <span class='ocrx_word' id='word_1_398' title='bbox 1368 4747 1438 4807; x_wconf 75' lang='lat' dir='ltr'>seer,</span> 
     </span>
     <span class='ocr_line' id='line_1_46' title="bbox 248 4806 1441 4876; baseline 0.006 -20"><span class='ocrx_word' id='word_1_399' title='bbox 248 4806 338 4858; x_wconf 78' lang='lat' dir='ltr'>ardore</span> <span class='ocrx_word' id='word_1_400' title='bbox 354 4807 422 4858; x_wconf 88' lang='lat' dir='ltr'>inter</span> <span class='ocrx_word' id='word_1_401' title='bbox 433 4809 551 4867; x_wconf 86' lang='lat' dir='ltr'>lbernos,</span> <span class='ocrx_word' id='word_1_402' title='bbox 564 4809 677 4860; x_wconf 87' lang='lat' dir='ltr'>adiebns</span> <span class='ocrx_word' id='word_1_403' title='bbox 689 4811 714 4861; x_wconf 90' lang='lat' dir='ltr'>S.</span> <span class='ocrx_word' id='word_1_404' title='bbox 728 4810 839 4870; x_wconf 88' lang='lat' dir='ltr'>Patritii,</span> <span class='ocrx_word' id='word_1_405' title='bbox 848 4811 1011 4862; x_wconf 76' lang='lat' dir='ltr'>scelestino</span> <span class='ocrx_word' id='word_1_406' title='bbox 1021 4811 1088 4876; x_wconf 80' lang='lat' dir='ltr'>papb</span> <span class='ocrx_word' id='word_1_407' title='bbox 1099 4813 1172 4863; x_wconf 87' lang='lat' dir='ltr'>missi</span> <span class='ocrx_word' id='word_1_408' title='bbox 1182 4813 1215 4863; x_wconf 87' lang='lat' dir='ltr'>ad</span> <span class='ocrx_word' id='word_1_409' title='bbox 1223 4813 1282 4862; x_wconf 84' lang='lat' dir='ltr'>illos</span> <span class='ocrx_word' id='word_1_410' title='bbox 1289 4819 1441 4863; x_wconf 82' lang='lat' dir='ltr'>converten-</span> 
     </span>
     <span class='ocr_line' id='line_1_47' title="bbox 247 4870 1441 4987; baseline 0.008 -66"><span class='ocrx_word' id='word_1_411' title='bbox 247 4870 304 4987; x_wconf 56' lang='lat' dir='ltr'>gpg,</span> <span class='ocrx_word' id='word_1_412' title='bbox 321 4887 404 4936; x_wconf 87' lang='lat' dir='ltr'>usqua</span> <span class='ocrx_word' id='word_1_413' title='bbox 420 4875 453 4924; x_wconf 85' lang='lat' dir='ltr'>ad</span> <span class='ocrx_word' id='word_1_414' title='bbox 473 4878 590 4939; x_wconf 85' lang='lat' dir='ltr'>tempora</span> <span class='ocrx_word' id='word_1_415' title='bbox 607 4877 632 4926; x_wconf 81' lang='lat' dir='ltr'>S·</span> <span class='ocrx_word' id='word_1_416' title='bbox 648 4875 761 4926; x_wconf 83' lang='lat' dir='ltr'>osualdi</span> <span class='ocrx_word' id='word_1_417' title='bbox 776 4877 844 4940; x_wconf 77' lang='lat' dir='ltr'>regis</span> <span class='ocrx_word' id='word_1_418' title='bbox 860 4877 1016 4940; x_wconf 75' lang='lat' dir='ltr'>Anglorum,</span> <span class='ocrx_word' id='word_1_419' title='bbox 1029 4881 1152 4942; x_wconf 82' lang='lat' dir='ltr'>martyris</span> <span class='ocrx_word' id='word_1_420' title='bbox 1171 4877 1243 4937; x_wconf 65' lang='lat' dir='ltr'>meti,</span> <span class='ocrx_word' id='word_1_421' title='bbox 1257 4891 1326 4928; x_wconf 89' lang='lat' dir='ltr'>anno</span> <span class='ocrx_word' id='word_1_422' title='bbox 1343 4878 1441 4930; x_wconf 75' lang='lat' dir='ltr'>Christi</span> 
     </span>
    </p>
   </div>
   <div class='ocr_carea' id='block_1_3' title="bbox 1291 5023 1314 5070">
    <p class='ocr_par' dir='ltr' id='par_1_4' title="bbox 1291 5023 1314 5070">
     <span class='ocr_line' id='line_1_48' title="bbox 1291 5023 1314 5070; baseline 0 0"><span class='ocrx_word' id='word_1_423' title='bbox 1291 5023 1314 5070; x_wconf 71' lang='lat' dir='ltr'><strong>F</strong></span> 
     </span>
    </p>
   </div>
   <div class='ocr_carea' id='block_1_4' title="bbox 0 0 1872 6054">
    <p class='ocr_par' dir='ltr' id='par_1_5' title="bbox 0 0 1872 6054">
     <span class='ocr_line' id='line_1_49' title="bbox 0 0 1872 6054; baseline 0 4"><span class='ocrx_word' id='word_1_424' title='bbox 0 0 1872 6054; x_wconf 95' lang='lat' dir='ltr'> </span> 
     </span>
    </p>
   </div>
  </div>
 </body>
</html>
