3772 6008
774 685 955 738 aroucam
977 687 1048 738 rao
1070 685 1256 736 masura.
1448 669 1540 758 [oar.
1556 689 1607 735 ns

929 1587 1029 1656 CAP.
1051 1587 1116 1654 IX.

561 1803 644 1855 Vana
654 1801 766 1855 visiones
775 1803 808 1855 de
818 1803 913 1868 quibua
923 1792 1049 1867 tanqnas'n
1059 1802 1154 1854 divinis
1165 1815 1194 1854 se
1200 1801 1286 1868 jactet
1295 1803 1467 1858 canamus

417 1995 530 2060 Ima
551 2004 677 2060 ceteras
690 1993 788 2059 nostfi
803 1991 933 2060 Cambri
954 1993 1120 2074 vanitates,
1142 2015 1274 2080 quarum
1297 1994 1458 2061 occasione
1504 1997 1610 2063 atebat

416 2081 612 2169 contemptui
625 2079 791 2146 hominum
806 2079 855 2146 sui
868 2079 1028 2168 temporis,
1043 2080 1099 2166 qui
1120 2079 1155 2146 in
1176 2080 1260 2147 illius
1282 2081 1397 2169 scripta
1417 2019 1609 2159 incidebant.

417 2191 482 2232 non
502 2179 695 2256 postremum
715 2166 821 2232 locum
843 2166 991 2232 videntur
1012 2167 1128 2234 habere
1148 2165 1291 2233 ridiculae
1312 2168 1471 2234 nonnullae
1493 2169 1610 2237 revela-

415 2253 526 2333 tiones,
549 2253 589 2320 de
604 2253 718 2340 quibus
733 2253 820 2339 quasi
834 2252 1021 2332 coelestibus,
1037 2254 1140 2340 deque
1155 2253 1337 2320 earumdem
1347 2254 1611 2344 interpretationi·

414 2340 474 2406 bus
495 2365 515 2406 a
535 2363 568 2406 se
584 2340 683 2421 factis,
699 2340 801 2405 multa
813 2340 910 2406 verba
923 2339 999 2406 facit
1013 2338 1070 2408 lib.
1086 2343 1118 2421 2,
1134 2339 1275 2408 Vaticin.
1290 2340 1376 2406 Hist.
1391 2341 1459 2408 sive
1474 2342 1610 2444 Expug-

414 2439 496 2493 natae
526 2427 671 2505 Iberniae,
701 2450 770 2515 cap.
796 2427 849 2506 29,
875 2426 927 2492 cui
950 2426 1079 2492 titulum
1100 2426 1245 2515 prefigit,
1279 2435 1298 2466 ‘⁴
1313 2426 1405 2495 Visio
1426 2441 1460 2494 et
1480 2427 1610 2495 visroms

416 2513 600 2602 expositic.”
636 2512 747 2601 Pergit
771 2535 911 2580 narrare:
944 2521 966 2553 ‘¹
977 2512 1063 2579 unde
1088 2526 1121 2580 et
1134 2513 1289 2580 visionem
1300 2537 1395 2600 quam
1409 2537 1531 2603 semper
1549 2516 1611 2582 hdo

411 2599 562 2702 temporis
584 2599 740 2680 miseria?
763 2612 797 2666 et
819 2599 920 2666 crucis
945 2597 1065 2666 Christi
1091 2599 1291 2680 contumelia,
1316 2599 1397 2667 mihi
1423 2601 1610 2683 miserrimo,

412 2687 494 2752 mihi
507 2686 650 2767 minimo,
665 2698 817 2754 ettamen
832 2711 850 2752 a
864 2685 1004 2752 Domino
1018 2686 1054 2750 in
1067 2687 1128 2754 hac
1142 2685 1263 2752 visione
1284 2686 1421 2766 visitato,
1443 2687 1499 2754 ille
1520 2712 1608 2755 reve·

413 2773 492 2840 lavit
508 2774 579 2862 (qui
593 2773 752 2840 interdum
774 2797 844 2860 quae
866 2773 1028 2841 abscondit
1050 2796 1068 2838 a
1089 2773 1290 2863 sapientibus,
1311 2775 1431 2840 revelat
1451 2775 1606 2863 parvulis)

412 2859 467 2926 hic
488 2861 646 2940 evolvere,
670 2873 783 2960 praeter
805 2883 872 2926 rem
894 2883 959 2927 non
984 2859 1105 2949 putavi.
1148 2859 1188 2926 In
1208 2860 1265 2925 illa
1284 2859 1383 2960 igitur
1404 2861 1551 2928 intestina
1575 2873 1608 2928 et

415 2946 591 3014 detestabili
604 2946 698 3012 nimis
711 2946 893 3046 Anglorum
906 2945 990 3036 regis
1003 2959 1037 3012 et
1050 2946 1173 3013 comitis
1187 2945 1403 3027 Pictavrensis,
1425 2947 1508 3014 circa
1520 2947 1608 3014 idem

413 3046 537 3121 tempus
552 3032 649 3120 (anno
664 3032 786 3112 Obristr
806 3032 929 3100 circiter
952 3034 1051 3121 1187)
1067 3037 1180 3100 exorta
1194 3032 1359 3114 discordie,
1381 3033 1466 3134 apud
1489 3034 1607 3101 China-

414 3141 511 3185 nense
527 3131 662 3185 castrum
676 3143 749 3185 cum
763 3141 838 3208 rege
852 3119 1048 3198 constitutas,
1063 3120 1083 3185 6
1098 3119 1170 3186 idus
1184 3119 1265 3185 Maii
1278 3132 1380 3200 nocte,
1395 3143 1430 3186 ιιι
1444 3121 1560 3187 somnis
1575 3133 1608 3188 et

414 3205 515 3271 noctis
529 3204 607 3272 hort
620 3204 708 3306 quasi
722 3205 805 3271 circa
817 3205 955 3294 primum
1035 3205 1194 3286 'cantum,
1209 3205 1293 3272 visua
1307 3229 1376 3273 sum
1397 3206 1478 3272 mihi
1498 3207 1607 3274 videre

414 3292 541 3358 turbam
554 3291 718 3357 hommum
731 3291 874 3371 multam,
889 3292 924 3357 in
938 3315 986 3358 coe
998 3315 1053 3357 um
1067 3291 1243 3358 intuentem
1265 3303 1298 3359 et
1318 3304 1467 3379 tanquam
1487 3316 1606 3360 novum

415 3378 543 3466 aliquod
568 3378 783 3445 admirantem.
827 3377 966 3445 Elevans
980 3378 1079 3466 igitur
1093 3379 1209 3460 oculos,
1225 3390 1258 3446 et
1271 3379 1440 3468 suspiciens
1455 3380 1606 3467 quidnam

415 3479 505 3546 esset,
534 3465 601 3532 ridi
629 3465 696 3532 inte
720 3465 853 3532 nubium
879 3465 1085 3551 quarumdam
1110 3465 1306 3545 densitatem,
1332 3465 1506 3532 clarissime
1528 3466 1606 3533 lucia

414 3553 612 3641 splendorem
626 3573 799 3642 erumpere,
814 3563 847 3618 et
860 3551 964 3617 statim
982 3551 1130 3642 separatis
1151 3553 1191 3618 ab
1211 3552 1349 3618 invicem
1370 3553 1517 3634 nubibus,
1539 3564 1606 3619 tan·

415 3662 510 3725 quam
532 3639 678 3707 inferiore
700 3639 761 3705 hoc
784 3639 861 3704 caelo
882 3637 1002 3705 ibidem
1026 3661 1069 3705 ex
1091 3651 1179 3728 parte
1199 3651 1342 3719 reserato,
1364 3639 1525 3706 oculorum
1539 3640 1606 3706 acie

413 3749 471 3812 per
491 3726 657 3792 fenestram
677 3725 765 3792 illam
787 3725 828 3790 ad
849 3724 1023 3813 empireum
1043 3748 1144 3811 usque
1164 3736 1417 3814 transponentem,
1443 3727 1479 3792 in
1500 3726 1606 3792 multi·

413 3811 525 3878 tudine
553 3813 663 3892 multa,
688 3813 775 3878 curia
802 3811 858 3878 illa
886 3810 1018 3878 coelestis
1043 3811 1196 3911 apparuit,
1225 3811 1387 3878 intentatis
1411 3813 1441 3878 ci
1465 3813 1606 3899 undique

415 3921 571 3964 armorum
585 3898 727 3964 omnium
741 3897 917 3987 generibus,
932 3897 967 3962 in
982 3896 1049 3963 dire
1072 3912 1191 3965 tronom
1214 3897 1296 3978 data,
1319 3911 1352 3964 et
1363 3910 1522 3986 tanquam
1535 3900 1606 3966 hos·

414 3985 499 4052 tibus
528 3984 568 4050 ad
596 3985 797 4052 mactandum
826 3983 978 4074 exposita.
1064 3984 1149 4051 ideaa
1173 3983 1260 4063 huic,
1285 3984 1392 4073 gladio
1417 3997 1521 4075 caput,
1546 3986 1605 4066 illi,

414 4070 579 4137 brachium
591 4072 756 4160 amputari,
771 4072 842 4138 illos
856 4069 977 4158 sagittis
989 4070 1112 4138 eminbs
1125 4071 1202 4172 peti,
1224 4070 1294 4136 illos
1315 4071 1431 4138 lanceis
1452 4072 1605 4152 cominus,

413 4158 484 4223 illos
499 4157 562 4224 suis
576 4157 830 4247 transpenetrari;
852 4171 885 4224 et
906 4181 979 4225 cum
999 4157 1190 4225 intuentium
1211 4157 1303 4223 multi
1325 4158 1378 4223 vel
1399 4171 1526 4248 propter
1546 4158 1606 4224 ful-

415 4267 525 4333 gorem
540 4244 684 4324 nimium,
699 4244 753 4310 vel
766 4257 893 4333 propter
906 4267 1010 4310 rerum
1022 4244 1169 4323 visarum,
1185 4267 1240 4310 seu
1261 4257 1410 4311 terrorem
1431 4267 1487 4310 seu
1506 4243 1605 4332 pieta-

414 4345 489 4413 tem,
504 4331 596 4421 proni
610 4330 645 4396 in
658 4329 752 4398 facies
765 4355 834 4398 suas
847 4331 1028 4398 cecidissent
1035 4357 1044 4411 ;
1067 4330 1243 4406 aderitum
1257 4330 1303 4396 rei
1317 4329 1499 4410 videndum,
1521 4329 1605 4396 visus

446 4507 459 4531 ⁸
477 4507 566 4559 Sermo
576 4505 667 4558 firitde
677 4503 803 4557 discordie
813 4517 905 4568 regum
915 4505 1032 4556 Fracia
1042 4507 1070 4556 et
1088 4503 1201 4567 anglie.
1225 4504 1258 4556 de
1275 4502 1420 4556 detestabili
1436 4507 1465 4554 st
1480 4503 1604 4554 intestino

414 4571 520 4624 dissidio
531 4575 588 4623 orto
599 4573 669 4623 inter
679 4571 799 4622 eumdem
816 4583 903 4633 regem
921 4569 1033 4632 Malia,
1051 4575 1078 4620 at
1095 4569 1179 4620 fllium
1196 4583 1281 4630 suum,
1301 4568 1427 4620 heredem
1444 4567 1604 4619 Richardum

413 4637 602 4689 Hennensem
612 4636 640 4687 in
651 4633 761 4687 Rancffi
771 4635 901 4694 comitam,
919 4634 952 4685 ds
968 4633 1125 4685 dissensione
1142 4634 1205 4686 natt
1222 4635 1291 4686 inter
1306 4631 1506 4684 innumerabiles
1522 4631 1603 4683 chris-

413 4702 498 4754 timos
508 4702 573 4761 illos.
585 4701 632 4764 qui
642 4701 737 4764 donati
747 4713 831 4759 cruce,
850 4699 884 4750 ad
899 4699 1100 4762 recuperandam
1116 4703 1213 4750 terram
1228 4703 1344 4753 sancum
1359 4697 1482 4751 munau
1496 4695 1604 4751 manna

413 4781 474 4820 erm
484 4767 620 4823 Frederiao
630 4766 786 4834 imperatore
796 4763 905 4832 ιῑὶἰιιιιε
914 4763 1075 4830 principiam
1085 4765 1205 4830 Europa.
